Date,Grocery,Produce,Kitchen,Dairy,Beverage,Bakery,Frozen,Deli,Cheese,Beer,Sushi,Meat,Meat Pre-Packed,Nuts,Pre-Priced Chips and Cookies,Pre-Priced Bread,Flower,Fish,Salad Bar,Total Sales,COGS,Payroll
1/1/22 0:00,"$5,548.81 ","$3,376.39 ","$4,458.72 ","$2,961.61 ","$3,589.01 ","$1,945.22 ","$1,196.73 ","$2,277.08 ","$1,001.37 ","$1,465.31 ","$1,821.70 ","$1,309.72 ",$613.73 ,$245.10 ,$325.04 ,$393.66 ,$609.54 ,$197.66 ,$269.91 ,"$33,606.31 ","$16,803.16 ","$8,401.58 "
1/2/22 0:00,"$5,715.19 ","$3,364.91 ","$4,817.45 ","$2,650.20 ","$3,256.63 ","$1,898.23 ","$1,570.00 ","$2,055.60 ","$1,383.11 ","$1,624.31 ","$1,653.02 ","$1,924.82 ",$460.21 ,$283.87 ,$305.41 ,$516.56 ,$744.52 ,$331.53 ,$334.01 ,"$34,889.58 ","$17,444.79 ","$8,722.39 "
1/3/22 0:00,"$5,602.76 ","$3,260.90 ","$4,769.05 ","$2,505.91 ","$3,564.65 ","$1,423.03 ","$1,534.95 ","$2,307.94 ","$1,406.72 ","$1,070.72 ","$1,932.37 ","$1,050.51 ",$310.72 ,$242.16 ,$177.89 ,$483.42 ,$622.48 ,$310.91 ,$169.23 ,"$32,746.32 ","$16,373.16 ","$8,186.58 "
1/4/22 0:00,"$5,544.88 ","$3,495.97 ","$4,677.89 ","$2,466.02 ","$3,318.03 ","$1,095.67 ","$1,389.79 ","$2,046.26 ","$1,363.89 ","$1,884.06 ","$1,796.80 ","$1,272.03 ",$623.86 ,$224.88 ,$344.30 ,$545.16 ,$705.12 ,$216.59 ,$317.91 ,"$33,329.11 ","$16,664.56 ","$8,332.28 "
1/5/22 0:00,"$5,423.65 ","$3,681.74 ","$4,319.83 ","$2,890.38 ","$3,153.67 ","$1,404.54 ","$1,800.54 ","$2,430.03 ","$1,802.40 ","$1,378.58 ","$1,694.22 ","$1,533.39 ",$580.33 ,$241.40 ,$336.74 ,$382.04 ,$770.41 ,$208.06 ,$228.73 ,"$34,260.68 ","$17,130.34 ","$8,565.17 "
1/6/22 0:00,"$5,645.89 ","$3,277.34 ","$4,196.45 ","$2,028.26 ","$3,444.49 ","$1,535.90 ","$1,731.16 ","$2,225.80 ","$1,095.56 ","$1,206.93 ","$1,661.14 ","$1,740.20 ",$393.14 ,$282.39 ,$289.22 ,$534.69 ,$705.23 ,$301.16 ,$178.12 ,"$32,473.07 ","$16,236.54 ","$8,118.27 "
1/7/22 0:00,"$5,437.59 ","$3,524.38 ","$4,671.53 ","$2,113.81 ","$3,495.10 ","$1,904.40 ","$1,687.88 ","$2,703.65 ","$1,114.90 ","$1,500.78 ","$1,556.84 ","$1,228.06 ",$620.60 ,$204.49 ,$208.40 ,$503.12 ,$563.88 ,$304.45 ,$207.23 ,"$33,551.09 ","$16,775.55 ","$8,387.77 "
1/8/22 0:00,"$5,891.77 ","$3,117.38 ","$4,842.97 ","$2,102.07 ","$3,989.77 ","$1,294.88 ","$1,502.68 ","$2,220.18 ","$1,233.46 ","$1,929.82 ","$1,805.12 ","$1,300.34 ",$518.72 ,$248.88 ,$150.22 ,$455.51 ,$615.30 ,$151.22 ,$184.86 ,"$33,555.15 ","$16,777.58 ","$8,388.79 "
1/9/22 0:00,"$5,963.66 ","$3,159.85 ","$4,016.25 ","$2,756.94 ","$3,042.39 ","$1,308.86 ","$1,043.45 ","$2,081.43 ","$1,513.73 ","$1,694.29 ","$1,891.30 ","$1,194.54 ",$511.73 ,$219.35 ,$247.17 ,$480.65 ,$609.81 ,$320.24 ,$167.84 ,"$32,223.48 ","$16,111.74 ","$8,055.87 "
1/10/22 0:00,"$5,383.44 ","$3,046.81 ","$4,642.80 ","$2,339.65 ","$3,301.16 ","$1,627.18 ","$1,428.03 ","$2,838.80 ","$1,725.90 ","$1,340.09 ","$1,711.23 ","$1,443.06 ",$251.96 ,$206.03 ,$268.96 ,$517.53 ,$831.67 ,$239.40 ,$202.31 ,"$33,346.01 ","$16,673.00 ","$8,336.50 "
1/11/22 0:00,"$5,791.73 ","$3,970.73 ","$4,442.87 ","$2,637.97 ","$3,851.89 ","$1,505.19 ","$1,499.18 ","$2,060.03 ","$1,903.66 ","$1,303.84 ","$1,957.83 ","$1,504.35 ",$404.10 ,$278.56 ,$348.80 ,$455.53 ,$596.08 ,$169.35 ,$238.95 ,"$34,920.64 ","$17,460.32 ","$8,730.16 "
1/12/22 0:00,"$5,528.89 ","$3,003.86 ","$4,898.09 ","$2,603.78 ","$3,659.70 ","$1,195.87 ","$1,447.85 ","$2,750.96 ","$1,267.09 ","$1,661.29 ","$1,562.77 ","$1,899.23 ",$235.71 ,$201.45 ,$176.58 ,$479.48 ,$811.11 ,$274.14 ,$292.60 ,"$33,950.45 ","$16,975.22 ","$8,487.61 "
1/13/22 0:00,"$5,568.04 ","$3,178.58 ","$4,321.47 ","$2,385.83 ","$3,826.68 ","$1,144.73 ","$1,004.47 ","$2,929.43 ","$1,127.80 ","$1,088.80 ","$1,743.94 ","$1,770.75 ",$400.46 ,$241.50 ,$167.76 ,$545.35 ,$809.34 ,$214.16 ,$340.57 ,"$32,809.66 ","$16,404.83 ","$8,202.41 "
1/14/22 0:00,"$5,925.60 ","$3,612.87 ","$4,474.18 ","$2,531.57 ","$3,660.29 ","$1,489.50 ","$1,652.43 ","$2,107.13 ","$1,509.21 ","$1,365.41 ","$1,821.21 ","$1,715.35 ",$229.72 ,$254.55 ,$235.26 ,$494.06 ,$735.95 ,$335.82 ,$187.63 ,"$34,337.74 ","$17,168.87 ","$8,584.43 "
1/15/22 0:00,"$5,071.04 ","$3,081.37 ","$4,514.77 ","$2,645.14 ","$3,759.54 ","$1,779.39 ","$1,257.39 ","$2,559.67 ","$1,299.59 ","$1,478.68 ","$1,784.80 ","$1,572.67 ",$296.44 ,$217.29 ,$300.19 ,$365.69 ,$490.92 ,$310.76 ,$168.12 ,"$32,953.46 ","$16,476.73 ","$8,238.36 "
1/16/22 0:00,"$5,087.13 ","$3,881.90 ","$4,140.44 ","$2,940.95 ","$3,492.92 ","$1,778.83 ","$1,044.66 ","$2,451.73 ","$1,984.49 ","$1,760.52 ","$1,944.75 ","$1,328.58 ",$428.19 ,$289.95 ,$218.01 ,$493.36 ,$591.32 ,$183.59 ,$229.17 ,"$34,270.49 ","$17,135.25 ","$8,567.62 "
1/17/22 0:00,"$5,020.22 ","$3,719.62 ","$4,712.89 ","$2,575.63 ","$3,204.88 ","$1,975.80 ","$1,503.47 ","$2,798.71 ","$1,039.84 ","$1,325.52 ","$1,842.02 ","$1,070.08 ",$509.04 ,$240.87 ,$282.47 ,$544.78 ,$690.27 ,$304.72 ,$297.27 ,"$33,658.10 ","$16,829.05 ","$8,414.52 "
1/18/22 0:00,"$5,832.62 ","$3,966.39 ","$4,830.48 ","$2,614.37 ","$3,810.00 ","$1,382.72 ","$1,920.55 ","$2,623.48 ","$1,190.90 ","$1,792.15 ","$1,912.52 ","$1,258.81 ",$290.48 ,$218.21 ,$327.89 ,$428.15 ,$515.55 ,$200.65 ,$315.09 ,"$35,431.01 ","$17,715.51 ","$8,857.75 "
1/19/22 0:00,"$5,778.16 ","$3,507.64 ","$4,057.91 ","$2,067.86 ","$3,567.82 ","$1,391.99 ","$1,029.44 ","$2,278.27 ","$1,753.56 ","$1,782.69 ","$1,831.06 ","$1,194.69 ",$241.20 ,$261.12 ,$308.63 ,$358.69 ,$472.18 ,$207.52 ,$190.37 ,"$32,280.80 ","$16,140.40 ","$8,070.20 "
1/20/22 0:00,"$5,870.01 ","$3,300.40 ","$4,291.39 ","$2,952.22 ","$3,139.51 ","$1,001.82 ","$1,013.74 ","$2,001.47 ","$1,386.38 ","$1,019.46 ","$1,672.12 ","$1,227.90 ",$636.86 ,$263.94 ,$170.32 ,$495.47 ,$617.01 ,$346.77 ,$216.47 ,"$31,623.26 ","$15,811.63 ","$7,905.82 "
1/21/22 0:00,"$5,978.62 ","$3,549.50 ","$4,038.04 ","$2,528.08 ","$3,804.89 ","$1,829.92 ","$1,587.75 ","$2,482.87 ","$1,562.24 ","$1,190.41 ","$1,636.29 ","$1,226.77 ",$241.73 ,$238.87 ,$239.22 ,$411.83 ,$669.92 ,$172.99 ,$167.81 ,"$33,557.75 ","$16,778.88 ","$8,389.44 "
1/22/22 0:00,"$5,799.16 ","$3,930.82 ","$4,956.54 ","$2,801.27 ","$3,958.59 ","$1,646.63 ","$1,542.99 ","$2,894.11 ","$1,815.45 ","$1,653.39 ","$1,674.98 ","$1,430.55 ",$484.36 ,$203.15 ,$157.60 ,$533.59 ,$691.31 ,$298.92 ,$223.70 ,"$36,697.11 ","$18,348.55 ","$9,174.28 "
1/23/22 0:00,"$5,461.48 ","$3,520.76 ","$4,667.17 ","$2,050.29 ","$3,346.16 ","$1,769.92 ","$1,015.71 ","$2,905.36 ","$1,666.86 ","$1,496.04 ","$1,704.09 ","$1,380.71 ",$595.63 ,$266.16 ,$183.73 ,$386.51 ,$675.19 ,$299.00 ,$214.99 ,"$33,605.76 ","$16,802.88 ","$8,401.44 "
1/24/22 0:00,"$5,780.53 ","$3,267.21 ","$4,964.20 ","$2,420.91 ","$3,293.51 ","$1,470.62 ","$1,103.07 ","$2,125.30 ","$1,603.55 ","$1,027.64 ","$1,913.40 ","$1,337.05 ",$283.77 ,$223.78 ,$304.14 ,$425.33 ,$531.14 ,$191.88 ,$261.06 ,"$32,528.09 ","$16,264.04 ","$8,132.02 "
1/25/22 0:00,"$5,118.27 ","$3,877.40 ","$4,531.49 ","$2,256.98 ","$3,081.78 ","$1,920.19 ","$1,836.39 ","$2,860.68 ","$1,681.82 ","$1,359.65 ","$1,855.47 ","$1,881.24 ",$523.16 ,$214.99 ,$184.82 ,$354.74 ,$556.69 ,$326.47 ,$290.37 ,"$34,712.60 ","$17,356.30 ","$8,678.15 "
1/26/22 0:00,"$5,639.92 ","$3,371.92 ","$4,802.07 ","$2,266.98 ","$3,664.49 ","$1,029.11 ","$1,452.64 ","$2,034.43 ","$1,064.24 ","$1,625.77 ","$1,913.42 ","$1,202.74 ",$565.31 ,$282.09 ,$261.76 ,$437.74 ,$572.31 ,$167.82 ,$239.66 ,"$32,594.42 ","$16,297.21 ","$8,148.60 "
1/27/22 0:00,"$5,143.35 ","$3,001.38 ","$4,374.41 ","$2,791.45 ","$3,958.96 ","$1,115.28 ","$1,124.39 ","$2,092.35 ","$1,097.80 ","$1,991.69 ","$1,962.57 ","$1,163.65 ",$553.60 ,$250.42 ,$273.00 ,$388.00 ,$492.04 ,$293.37 ,$150.26 ,"$32,217.97 ","$16,108.98 ","$8,054.49 "
1/28/22 0:00,"$5,944.67 ","$3,247.69 ","$4,353.82 ","$2,623.87 ","$3,135.99 ","$1,376.02 ","$1,155.92 ","$2,966.22 ","$1,607.55 ","$1,206.87 ","$1,907.40 ","$1,076.00 ",$225.85 ,$244.79 ,$181.33 ,$469.42 ,$493.12 ,$150.07 ,$297.59 ,"$32,664.19 ","$16,332.10 ","$8,166.05 "
1/29/22 0:00,"$5,521.85 ","$3,318.23 ","$4,378.27 ","$2,439.75 ","$3,485.16 ","$1,085.11 ","$1,611.42 ","$2,386.97 ","$1,367.84 ","$1,152.72 ","$1,981.14 ","$1,924.86 ",$520.79 ,$275.48 ,$332.96 ,$499.24 ,$606.36 ,$292.18 ,$190.30 ,"$33,370.63 ","$16,685.32 ","$8,342.66 "
1/30/22 0:00,"$5,414.66 ","$3,858.78 ","$4,657.86 ","$2,010.59 ","$3,098.24 ","$1,087.89 ","$1,328.67 ","$2,070.78 ","$1,995.71 ","$1,364.37 ","$1,974.93 ","$1,194.35 ",$278.56 ,$247.07 ,$161.70 ,$405.97 ,$457.78 ,$273.71 ,$280.24 ,"$32,161.86 ","$16,080.93 ","$8,040.46 "
1/31/22 0:00,"$5,264.56 ","$3,458.50 ","$4,359.45 ","$2,964.93 ","$3,034.11 ","$1,566.87 ","$1,025.71 ","$2,470.46 ","$1,820.66 ","$1,550.91 ","$1,660.48 ","$1,572.27 ",$350.98 ,$261.18 ,$333.85 ,$376.75 ,$449.49 ,$225.79 ,$328.15 ,"$33,075.10 ","$16,537.55 ","$8,268.78 "
2/1/22 0:00,"$5,774.23 ","$3,444.59 ","$4,900.37 ","$2,962.02 ","$3,664.50 ","$1,216.12 ","$1,636.02 ","$2,046.14 ","$1,926.48 ","$1,664.50 ","$1,696.15 ","$1,373.72 ",$664.41 ,$240.62 ,$172.76 ,$373.95 ,$627.47 ,$280.01 ,$231.82 ,"$34,895.88 ","$17,447.94 ","$8,723.97 "
2/2/22 0:00,"$5,456.15 ","$3,336.10 ","$4,983.27 ","$2,217.55 ","$3,867.69 ","$1,626.54 ","$1,032.35 ","$2,016.37 ","$1,180.46 ","$1,360.81 ","$1,787.60 ","$1,555.30 ",$226.12 ,$288.75 ,$330.17 ,$400.95 ,$421.44 ,$283.28 ,$156.17 ,"$32,527.07 ","$16,263.53 ","$8,131.77 "
2/3/22 0:00,"$5,568.43 ","$3,880.68 ","$4,030.43 ","$2,041.35 ","$3,337.57 ","$1,929.40 ","$1,110.28 ","$2,561.75 ","$1,624.73 ","$1,228.44 ","$1,845.27 ","$1,642.57 ",$630.86 ,$256.56 ,$223.58 ,$515.68 ,$581.11 ,$272.45 ,$336.46 ,"$33,617.60 ","$16,808.80 ","$8,404.40 "
2/4/22 0:00,"$5,018.79 ","$3,945.03 ","$4,193.62 ","$2,530.20 ","$3,875.77 ","$1,823.88 ","$1,158.77 ","$2,211.21 ","$1,027.88 ","$1,005.22 ","$1,732.35 ","$1,840.08 ",$475.61 ,$290.25 ,$307.97 ,$436.61 ,$736.91 ,$190.31 ,$208.53 ,"$33,008.99 ","$16,504.50 ","$8,252.25 "
2/5/22 0:00,"$5,617.64 ","$3,991.89 ","$4,112.25 ","$2,951.41 ","$3,117.05 ","$1,248.43 ","$1,143.28 ","$2,621.91 ","$1,735.14 ","$1,183.45 ","$1,893.88 ","$1,507.26 ",$215.66 ,$289.88 ,$228.85 ,$388.59 ,$838.42 ,$211.58 ,$295.71 ,"$33,592.28 ","$16,796.14 ","$8,398.07 "
2/6/22 0:00,"$5,612.10 ","$3,376.74 ","$4,042.36 ","$2,910.40 ","$3,237.96 ","$1,089.66 ","$1,761.56 ","$2,334.70 ","$1,042.22 ","$1,100.06 ","$1,816.00 ","$1,327.24 ",$577.00 ,$275.86 ,$296.63 ,$406.73 ,$624.94 ,$324.90 ,$218.48 ,"$32,375.54 ","$16,187.77 ","$8,093.89 "
2/7/22 0:00,"$5,616.93 ","$3,966.15 ","$4,227.74 ","$2,584.66 ","$3,901.61 ","$1,950.19 ","$1,093.45 ","$2,132.48 ","$1,674.08 ","$1,242.11 ","$1,797.94 ","$1,181.08 ",$628.75 ,$254.81 ,$320.48 ,$419.98 ,$515.71 ,$317.10 ,$318.32 ,"$34,143.57 ","$17,071.78 ","$8,535.89 "
2/8/22 0:00,"$5,943.75 ","$3,791.88 ","$4,446.79 ","$2,303.55 ","$3,508.51 ","$1,994.50 ","$1,148.64 ","$2,984.40 ","$1,212.37 ","$1,322.57 ","$1,572.70 ","$1,606.82 ",$428.78 ,$265.42 ,$255.09 ,$390.79 ,$682.58 ,$217.30 ,$280.41 ,"$34,356.85 ","$17,178.43 ","$8,589.21 "
2/9/22 0:00,"$5,681.82 ","$3,675.69 ","$4,836.99 ","$2,329.96 ","$3,608.19 ","$1,374.49 ","$1,447.02 ","$2,249.94 ","$1,591.19 ","$1,078.74 ","$1,585.66 ","$1,132.00 ",$595.92 ,$222.21 ,$230.43 ,$457.91 ,$465.22 ,$347.69 ,$208.60 ,"$33,119.67 ","$16,559.84 ","$8,279.92 "
2/10/22 0:00,"$5,359.51 ","$3,244.89 ","$4,221.82 ","$2,897.91 ","$3,038.02 ","$1,460.68 ","$1,140.08 ","$2,061.98 ","$1,275.97 ","$1,405.85 ","$1,656.64 ","$1,855.81 ",$655.24 ,$291.91 ,$228.93 ,$463.90 ,$818.72 ,$339.38 ,$177.31 ,"$32,594.55 ","$16,297.28 ","$8,148.64 "
2/11/22 0:00,"$5,437.03 ","$3,216.46 ","$4,493.95 ","$2,491.78 ","$3,128.39 ","$1,145.33 ","$1,746.94 ","$2,278.84 ","$1,022.40 ","$1,167.63 ","$1,981.24 ","$1,027.79 ",$484.11 ,$285.97 ,$161.32 ,$505.92 ,$739.77 ,$292.45 ,$182.67 ,"$31,789.99 ","$15,895.00 ","$7,947.50 "
2/12/22 0:00,"$5,697.63 ","$3,166.05 ","$4,929.62 ","$2,131.12 ","$3,055.79 ","$1,710.18 ","$1,487.75 ","$2,251.70 ","$1,685.54 ","$1,581.37 ","$1,538.11 ","$1,845.30 ",$658.35 ,$278.71 ,$152.96 ,$489.10 ,$467.80 ,$191.18 ,$305.54 ,"$33,623.80 ","$16,811.90 ","$8,405.95 "
2/13/22 0:00,"$5,060.23 ","$3,922.76 ","$4,667.21 ","$2,248.43 ","$3,905.00 ","$1,421.83 ","$1,879.64 ","$2,299.65 ","$1,448.66 ","$1,377.88 ","$1,980.13 ","$1,219.25 ",$408.49 ,$202.55 ,$298.71 ,$399.16 ,$443.95 ,$196.28 ,$170.26 ,"$33,550.07 ","$16,775.04 ","$8,387.52 "
2/14/22 0:00,"$5,666.77 ","$3,294.08 ","$4,798.08 ","$2,276.79 ","$3,134.79 ","$1,803.02 ","$1,038.12 ","$2,355.67 ","$1,724.23 ","$1,639.65 ","$1,738.55 ","$1,487.86 ",$605.93 ,$219.45 ,$233.08 ,$381.50 ,$816.83 ,$245.42 ,$179.16 ,"$33,638.98 ","$16,819.49 ","$8,409.75 "
2/15/22 0:00,"$5,670.64 ","$3,453.09 ","$4,550.99 ","$2,123.55 ","$3,849.67 ","$1,577.30 ","$1,855.20 ","$2,805.17 ","$1,056.28 ","$1,776.15 ","$1,717.98 ","$1,730.52 ",$590.33 ,$291.67 ,$180.22 ,$530.78 ,$830.22 ,$164.97 ,$268.26 ,"$35,022.99 ","$17,511.50 ","$8,755.75 "
2/16/22 0:00,"$5,210.38 ","$3,493.96 ","$4,980.47 ","$2,463.04 ","$3,351.03 ","$1,042.78 ","$1,153.81 ","$2,059.78 ","$1,530.20 ","$1,084.70 ","$1,923.44 ","$1,784.17 ",$559.46 ,$280.91 ,$324.31 ,$515.13 ,$513.10 ,$329.61 ,$175.30 ,"$32,775.58 ","$16,387.79 ","$8,193.90 "
2/17/22 0:00,"$5,128.93 ","$3,778.17 ","$4,588.66 ","$2,916.05 ","$3,800.60 ","$1,334.95 ","$1,925.63 ","$2,354.53 ","$1,054.27 ","$1,382.48 ","$1,915.74 ","$1,401.78 ",$405.72 ,$284.62 ,$277.55 ,$351.49 ,$477.34 ,$231.64 ,$160.68 ,"$33,770.83 ","$16,885.41 ","$8,442.71 "
2/18/22 0:00,"$5,315.43 ","$3,844.23 ","$4,045.51 ","$2,668.78 ","$3,365.04 ","$1,808.60 ","$1,326.04 ","$2,103.75 ","$1,143.85 ","$1,977.78 ","$1,566.99 ","$1,499.45 ",$434.11 ,$240.46 ,$244.90 ,$354.69 ,$710.33 ,$221.41 ,$188.81 ,"$33,060.16 ","$16,530.08 ","$8,265.04 "
2/19/22 0:00,"$5,363.71 ","$3,139.07 ","$4,197.98 ","$2,072.47 ","$3,267.68 ","$1,688.11 ","$1,510.78 ","$2,982.20 ","$1,784.41 ","$1,002.31 ","$1,905.87 ","$1,029.57 ",$304.70 ,$225.64 ,$221.40 ,$447.77 ,$847.17 ,$240.67 ,$208.32 ,"$32,439.83 ","$16,219.92 ","$8,109.96 "
2/20/22 0:00,"$5,570.20 ","$3,426.90 ","$4,404.77 ","$2,005.49 ","$3,093.66 ","$1,632.53 ","$1,023.69 ","$2,143.97 ","$1,228.67 ","$1,458.91 ","$1,755.35 ","$1,344.03 ",$339.04 ,$289.07 ,$218.95 ,$517.67 ,$515.99 ,$334.59 ,$230.28 ,"$31,533.76 ","$15,766.88 ","$7,883.44 "
2/21/22 0:00,"$5,438.60 ","$3,842.85 ","$4,601.28 ","$2,276.25 ","$3,280.71 ","$1,672.50 ","$1,729.14 ","$2,479.03 ","$1,093.32 ","$1,468.91 ","$1,661.56 ","$1,261.58 ",$541.13 ,$237.30 ,$224.28 ,$535.07 ,$562.39 ,$332.19 ,$288.90 ,"$33,526.99 ","$16,763.50 ","$8,381.75 "
2/22/22 0:00,"$5,988.37 ","$3,818.03 ","$4,771.93 ","$2,362.69 ","$3,471.48 ","$1,605.04 ","$1,213.77 ","$2,480.04 ","$1,141.81 ","$1,823.72 ","$1,554.19 ","$1,390.07 ",$362.72 ,$229.89 ,$327.31 ,$388.79 ,$561.94 ,$201.30 ,$301.60 ,"$33,994.69 ","$16,997.35 ","$8,498.67 "
2/23/22 0:00,"$5,102.04 ","$3,102.41 ","$4,413.09 ","$2,776.75 ","$3,817.51 ","$1,641.12 ","$1,916.62 ","$2,781.18 ","$1,141.43 ","$1,290.23 ","$1,796.11 ","$1,300.89 ",$562.15 ,$230.09 ,$225.72 ,$511.87 ,$609.44 ,$259.81 ,$275.43 ,"$33,753.89 ","$16,876.94 ","$8,438.47 "
2/24/22 0:00,"$5,208.88 ","$3,156.38 ","$4,710.06 ","$2,967.01 ","$3,452.51 ","$1,620.42 ","$1,661.79 ","$2,272.15 ","$1,843.82 ","$1,776.03 ","$1,890.17 ","$1,159.74 ",$512.21 ,$288.24 ,$153.86 ,$433.20 ,$518.08 ,$236.53 ,$254.17 ,"$34,115.25 ","$17,057.62 ","$8,528.81 "
2/25/22 0:00,"$5,161.31 ","$3,304.20 ","$4,789.87 ","$2,387.57 ","$3,971.44 ","$1,533.43 ","$1,283.62 ","$2,737.77 ","$1,589.94 ","$1,002.20 ","$1,942.84 ","$1,941.73 ",$378.23 ,$217.69 ,$178.99 ,$480.39 ,$651.51 ,$159.18 ,$162.91 ,"$33,874.82 ","$16,937.41 ","$8,468.71 "
2/26/22 0:00,"$5,653.11 ","$3,075.36 ","$4,317.26 ","$2,686.69 ","$3,541.63 ","$1,757.75 ","$1,260.91 ","$2,026.34 ","$1,792.35 ","$1,490.75 ","$1,985.81 ","$1,429.28 ",$283.81 ,$283.30 ,$219.24 ,$413.11 ,$774.24 ,$254.92 ,$241.11 ,"$33,486.97 ","$16,743.48 ","$8,371.74 "
2/27/22 0:00,"$5,253.29 ","$3,424.66 ","$4,979.27 ","$2,994.90 ","$3,024.95 ","$1,369.49 ","$1,170.48 ","$2,927.15 ","$1,257.22 ","$1,319.32 ","$1,561.59 ","$1,637.80 ",$359.88 ,$247.76 ,$183.27 ,$375.19 ,$580.16 ,$303.51 ,$171.24 ,"$33,141.13 ","$16,570.57 ","$8,285.28 "
2/28/22 0:00,"$5,466.31 ","$3,107.62 ","$4,649.66 ","$2,745.67 ","$3,415.37 ","$1,475.24 ","$1,801.87 ","$2,098.96 ","$1,626.34 ","$1,808.16 ","$1,698.39 ","$1,926.76 ",$382.61 ,$226.11 ,$314.60 ,$491.51 ,$526.08 ,$304.57 ,$316.33 ,"$34,382.16 ","$17,191.08 ","$8,595.54 "
3/1/22 0:00,"$5,244.43 ","$3,568.22 ","$4,881.00 ","$2,636.19 ","$3,688.90 ","$1,401.45 ","$1,438.48 ","$2,480.83 ","$1,898.91 ","$1,402.95 ","$1,524.34 ","$1,572.47 ",$522.89 ,$258.42 ,$349.75 ,$411.61 ,$820.52 ,$296.79 ,$208.51 ,"$34,606.66 ","$17,303.33 ","$8,651.66 "
3/2/22 0:00,"$5,158.97 ","$3,246.56 ","$4,555.94 ","$2,078.07 ","$3,234.29 ","$1,209.21 ","$1,276.95 ","$2,173.43 ","$1,533.96 ","$1,069.88 ","$1,817.87 ","$1,127.00 ",$230.91 ,$227.90 ,$216.83 ,$355.94 ,$647.39 ,$190.68 ,$230.74 ,"$30,582.52 ","$15,291.26 ","$7,645.63 "
3/3/22 0:00,"$5,110.38 ","$3,596.43 ","$4,741.60 ","$2,323.22 ","$3,698.63 ","$1,321.89 ","$1,952.82 ","$2,368.62 ","$1,870.73 ","$1,708.39 ","$1,943.83 ","$1,788.58 ",$633.06 ,$251.49 ,$247.04 ,$543.36 ,$504.72 ,$164.64 ,$161.66 ,"$34,931.09 ","$17,465.54 ","$8,732.77 "
3/4/22 0:00,"$5,656.33 ","$3,117.53 ","$4,770.54 ","$2,913.39 ","$3,503.70 ","$1,055.02 ","$1,802.24 ","$2,642.02 ","$1,218.05 ","$1,013.22 ","$1,843.63 ","$1,774.66 ",$512.65 ,$261.37 ,$159.52 ,$435.76 ,$556.21 ,$183.81 ,$234.43 ,"$33,654.08 ","$16,827.04 ","$8,413.52 "
3/5/22 0:00,"$5,138.18 ","$3,975.88 ","$4,908.25 ","$2,201.01 ","$3,025.74 ","$1,325.53 ","$1,586.30 ","$2,142.47 ","$1,966.93 ","$1,334.42 ","$1,694.35 ","$1,404.61 ",$226.59 ,$258.30 ,$188.89 ,$369.86 ,$625.42 ,$151.98 ,$278.97 ,"$32,803.68 ","$16,401.84 ","$8,200.92 "
3/6/22 0:00,"$5,196.58 ","$3,932.56 ","$4,150.35 ","$2,843.59 ","$3,774.35 ","$1,390.58 ","$1,802.45 ","$2,289.11 ","$1,079.69 ","$1,498.33 ","$1,879.96 ","$1,539.39 ",$325.73 ,$281.62 ,$195.81 ,$512.49 ,$440.02 ,$301.16 ,$249.38 ,"$33,683.15 ","$16,841.58 ","$8,420.79 "
3/7/22 0:00,"$5,368.73 ","$3,391.80 ","$4,558.28 ","$2,696.32 ","$3,560.37 ","$1,093.38 ","$1,120.13 ","$2,679.18 ","$1,761.11 ","$1,741.74 ","$1,998.31 ","$1,424.89 ",$275.30 ,$261.88 ,$227.50 ,$519.72 ,$415.22 ,$190.91 ,$314.65 ,"$33,599.42 ","$16,799.71 ","$8,399.86 "
3/8/22 0:00,"$5,820.99 ","$3,242.18 ","$4,428.38 ","$2,366.32 ","$3,082.49 ","$1,220.46 ","$1,672.16 ","$2,844.54 ","$1,201.72 ","$1,313.06 ","$1,500.56 ","$1,224.24 ",$490.92 ,$222.06 ,$315.28 ,$410.27 ,$719.82 ,$237.09 ,$229.51 ,"$32,542.05 ","$16,271.03 ","$8,135.51 "
3/9/22 0:00,"$5,097.10 ","$3,250.40 ","$4,923.16 ","$2,529.17 ","$3,475.21 ","$1,249.54 ","$1,324.15 ","$2,592.90 ","$1,116.89 ","$1,104.10 ","$1,914.03 ","$1,762.92 ",$484.51 ,$229.49 ,$229.84 ,$486.55 ,$733.90 ,$168.52 ,$339.86 ,"$33,012.24 ","$16,506.12 ","$8,253.06 "
3/10/22 0:00,"$5,837.94 ","$3,483.39 ","$4,105.09 ","$2,542.81 ","$3,287.29 ","$1,227.47 ","$1,687.51 ","$2,522.98 ","$1,559.03 ","$1,825.26 ","$1,663.14 ","$1,744.44 ",$382.10 ,$240.22 ,$298.29 ,$374.05 ,$611.67 ,$257.67 ,$315.59 ,"$33,965.94 ","$16,982.97 ","$8,491.48 "
3/11/22 0:00,"$5,096.10 ","$3,039.99 ","$4,982.57 ","$2,714.05 ","$3,879.68 ","$1,350.22 ","$1,961.66 ","$2,109.61 ","$1,317.02 ","$1,009.82 ","$1,873.53 ","$1,647.06 ",$579.89 ,$276.95 ,$255.72 ,$427.42 ,$788.94 ,$231.69 ,$307.43 ,"$33,849.35 ","$16,924.68 ","$8,462.34 "
3/12/22 0:00,"$5,976.46 ","$3,639.71 ","$4,875.45 ","$2,516.56 ","$3,284.93 ","$1,144.88 ","$1,780.36 ","$2,146.54 ","$1,222.52 ","$1,873.13 ","$1,618.52 ","$1,455.64 ",$230.89 ,$290.42 ,$282.73 ,$394.30 ,$664.78 ,$204.63 ,$180.68 ,"$33,783.13 ","$16,891.56 ","$8,445.78 "
3/13/22 0:00,"$5,468.65 ","$3,408.30 ","$4,073.83 ","$2,133.08 ","$3,941.69 ","$1,731.50 ","$1,565.56 ","$2,958.19 ","$1,439.12 ","$1,106.50 ","$1,600.91 ","$1,464.81 ",$613.68 ,$202.45 ,$189.44 ,$399.12 ,$740.81 ,$340.01 ,$198.09 ,"$33,575.74 ","$16,787.87 ","$8,393.94 "
3/14/22 0:00,"$5,976.76 ","$3,377.41 ","$4,490.97 ","$2,773.45 ","$3,546.13 ","$1,342.65 ","$1,745.53 ","$2,002.62 ","$1,988.42 ","$1,125.70 ","$1,904.80 ","$1,298.44 ",$644.26 ,$299.34 ,$157.76 ,$542.96 ,$821.19 ,$212.08 ,$219.93 ,"$34,470.40 ","$17,235.20 ","$8,617.60 "
3/15/22 0:00,"$5,604.85 ","$3,809.36 ","$4,717.56 ","$2,406.27 ","$3,323.61 ","$1,122.37 ","$1,468.33 ","$2,484.42 ","$1,632.68 ","$1,166.23 ","$1,883.69 ","$1,265.72 ",$292.94 ,$249.15 ,$199.33 ,$356.94 ,$755.66 ,$283.93 ,$186.11 ,"$33,209.15 ","$16,604.57 ","$8,302.29 "
3/16/22 0:00,"$5,739.26 ","$3,709.04 ","$4,738.15 ","$2,963.09 ","$3,813.55 ","$1,593.60 ","$1,279.95 ","$2,756.34 ","$1,278.60 ","$1,148.34 ","$1,905.61 ","$1,848.97 ",$670.22 ,$213.17 ,$170.25 ,$460.15 ,$539.75 ,$342.76 ,$164.95 ,"$35,335.75 ","$17,667.88 ","$8,833.94 "
3/17/22 0:00,"$5,039.19 ","$3,954.33 ","$4,906.49 ","$2,283.51 ","$3,697.40 ","$1,179.65 ","$1,040.63 ","$2,209.96 ","$1,985.90 ","$1,794.78 ","$1,878.67 ","$1,859.37 ",$566.18 ,$256.54 ,$290.53 ,$477.28 ,$453.54 ,$289.60 ,$155.17 ,"$34,318.72 ","$17,159.36 ","$8,579.68 "
3/18/22 0:00,"$5,282.81 ","$3,351.94 ","$4,799.87 ","$2,263.08 ","$3,413.96 ","$1,058.06 ","$1,677.20 ","$2,459.56 ","$1,279.17 ","$1,810.98 ","$1,547.93 ","$1,015.34 ",$646.72 ,$245.85 ,$263.85 ,$416.77 ,$417.90 ,$287.48 ,$232.51 ,"$32,470.98 ","$16,235.49 ","$8,117.74 "
3/19/22 0:00,"$5,120.20 ","$3,897.54 ","$4,310.93 ","$2,333.51 ","$3,629.62 ","$1,163.29 ","$1,142.59 ","$2,493.06 ","$1,719.65 ","$1,169.47 ","$1,941.44 ","$1,719.61 ",$595.74 ,$204.93 ,$308.74 ,$398.60 ,$575.75 ,$306.68 ,$157.57 ,"$33,188.92 ","$16,594.46 ","$8,297.23 "
3/20/22 0:00,"$5,296.14 ","$3,769.97 ","$4,498.43 ","$2,572.32 ","$3,778.58 ","$1,419.99 ","$1,459.35 ","$2,260.40 ","$1,263.33 ","$1,112.52 ","$1,688.81 ","$1,329.92 ",$233.96 ,$257.76 ,$230.52 ,$509.28 ,$403.35 ,$279.99 ,$184.98 ,"$32,549.60 ","$16,274.80 ","$8,137.40 "
3/21/22 0:00,"$5,118.73 ","$3,357.42 ","$4,701.79 ","$2,894.87 ","$3,851.56 ","$1,693.51 ","$1,666.75 ","$2,878.75 ","$1,774.31 ","$1,572.48 ","$1,609.83 ","$1,919.35 ",$323.45 ,$293.16 ,$202.10 ,$384.20 ,$732.06 ,$231.83 ,$334.25 ,"$35,540.40 ","$17,770.20 ","$8,885.10 "
3/22/22 0:00,"$5,317.98 ","$3,621.67 ","$4,138.44 ","$2,176.28 ","$3,816.41 ","$1,641.50 ","$1,891.29 ","$2,925.16 ","$1,643.98 ","$1,699.71 ","$1,783.78 ","$1,242.12 ",$625.44 ,$247.26 ,$322.21 ,$480.11 ,$603.30 ,$196.80 ,$249.71 ,"$34,623.15 ","$17,311.58 ","$8,655.79 "
3/23/22 0:00,"$5,414.26 ","$3,288.57 ","$4,193.99 ","$2,279.68 ","$3,166.08 ","$1,005.21 ","$1,609.36 ","$2,749.34 ","$1,572.71 ","$1,559.04 ","$1,672.93 ","$1,335.40 ",$224.04 ,$222.92 ,$263.11 ,$549.96 ,$729.50 ,$341.33 ,$170.67 ,"$32,348.10 ","$16,174.05 ","$8,087.02 "
3/24/22 0:00,"$5,064.15 ","$3,874.40 ","$4,481.04 ","$2,581.68 ","$3,828.39 ","$1,793.29 ","$1,217.72 ","$2,008.64 ","$1,458.89 ","$1,027.69 ","$1,854.93 ","$1,747.34 ",$554.60 ,$267.09 ,$244.58 ,$517.56 ,$623.98 ,$279.15 ,$327.30 ,"$33,752.42 ","$16,876.21 ","$8,438.11 "
3/25/22 0:00,"$5,692.47 ","$3,112.43 ","$4,298.25 ","$2,454.33 ","$3,058.63 ","$1,335.69 ","$1,474.06 ","$2,628.93 ","$1,242.84 ","$1,766.09 ","$1,847.31 ","$1,074.10 ",$540.67 ,$226.76 ,$328.27 ,$434.74 ,$406.70 ,$151.39 ,$187.14 ,"$32,260.80 ","$16,130.40 ","$8,065.20 "
3/26/22 0:00,"$5,566.60 ","$3,212.43 ","$4,862.56 ","$2,447.32 ","$3,200.17 ","$1,679.72 ","$1,667.62 ","$2,232.11 ","$1,609.43 ","$1,714.19 ","$1,925.05 ","$1,708.04 ",$422.01 ,$291.52 ,$219.56 ,$486.34 ,$792.46 ,$225.20 ,$249.00 ,"$34,511.33 ","$17,255.66 ","$8,627.83 "
3/27/22 0:00,"$5,265.39 ","$3,183.03 ","$4,586.28 ","$2,820.73 ","$3,622.93 ","$1,032.67 ","$1,195.32 ","$2,267.18 ","$1,874.35 ","$1,717.26 ","$1,996.78 ","$1,674.68 ",$487.41 ,$247.70 ,$231.78 ,$467.69 ,$814.24 ,$158.24 ,$318.57 ,"$33,962.23 ","$16,981.11 ","$8,490.56 "
3/28/22 0:00,"$5,523.25 ","$3,403.03 ","$4,348.67 ","$2,923.88 ","$3,114.69 ","$1,393.79 ","$1,732.17 ","$2,183.80 ","$1,031.31 ","$1,207.21 ","$1,899.78 ","$1,304.02 ",$330.27 ,$278.46 ,$201.49 ,$480.42 ,$670.48 ,$321.45 ,$347.60 ,"$32,695.77 ","$16,347.88 ","$8,173.94 "
3/29/22 0:00,"$5,093.94 ","$3,745.23 ","$4,848.83 ","$2,481.31 ","$3,603.35 ","$1,019.61 ","$1,763.82 ","$2,572.41 ","$1,732.67 ","$1,070.28 ","$1,570.77 ","$1,712.77 ",$495.33 ,$204.91 ,$176.54 ,$412.29 ,$714.62 ,$194.15 ,$175.30 ,"$33,588.13 ","$16,794.07 ","$8,397.03 "
3/30/22 0:00,"$5,575.95 ","$3,526.91 ","$4,804.88 ","$2,687.35 ","$3,307.97 ","$1,816.35 ","$1,522.53 ","$2,446.72 ","$1,879.92 ","$1,997.28 ","$1,881.32 ","$1,902.92 ",$544.04 ,$273.25 ,$264.18 ,$451.00 ,$427.30 ,$257.82 ,$289.68 ,"$35,857.37 ","$17,928.69 ","$8,964.34 "
3/31/22 0:00,"$5,929.30 ","$3,487.68 ","$4,998.35 ","$2,801.06 ","$3,429.47 ","$1,186.97 ","$1,858.80 ","$2,193.56 ","$1,616.89 ","$1,477.80 ","$1,783.45 ","$1,803.94 ",$392.81 ,$214.80 ,$334.27 ,$365.29 ,$713.07 ,$190.13 ,$165.41 ,"$34,943.05 ","$17,471.53 ","$8,735.76 "
4/1/22 0:00,"$5,318.57 ","$3,000.55 ","$4,847.31 ","$2,518.37 ","$3,315.15 ","$1,674.55 ","$1,224.74 ","$2,932.64 ","$1,258.43 ","$1,726.24 ","$1,781.59 ","$1,517.84 ",$274.01 ,$221.77 ,$279.76 ,$396.40 ,$437.80 ,$277.68 ,$266.14 ,"$33,269.54 ","$16,634.77 ","$8,317.38 "
4/2/22 0:00,"$5,667.41 ","$3,425.40 ","$4,414.46 ","$2,294.32 ","$3,070.17 ","$1,277.07 ","$1,537.74 ","$2,239.22 ","$1,351.48 ","$1,096.42 ","$1,668.62 ","$1,132.45 ",$672.48 ,$286.13 ,$282.77 ,$429.95 ,$544.35 ,$280.38 ,$304.22 ,"$31,975.04 ","$15,987.52 ","$7,993.76 "
4/3/22 0:00,"$5,131.80 ","$3,063.55 ","$4,127.50 ","$2,638.08 ","$3,500.76 ","$1,135.35 ","$1,894.16 ","$2,778.74 ","$1,748.80 ","$1,504.93 ","$1,580.37 ","$1,892.34 ",$694.75 ,$212.39 ,$321.68 ,$381.35 ,$534.34 ,$302.95 ,$217.50 ,"$33,661.34 ","$16,830.67 ","$8,415.33 "
4/4/22 0:00,"$5,716.33 ","$3,208.25 ","$4,840.64 ","$2,585.11 ","$3,963.60 ","$1,930.30 ","$1,704.15 ","$2,024.69 ","$1,366.82 ","$1,504.10 ","$1,586.53 ","$1,489.72 ",$234.96 ,$229.47 ,$290.02 ,$381.90 ,$778.64 ,$255.16 ,$271.36 ,"$34,361.75 ","$17,180.88 ","$8,590.44 "
4/5/22 0:00,"$5,289.41 ","$3,932.39 ","$4,059.76 ","$2,901.56 ","$3,611.78 ","$1,595.02 ","$1,806.87 ","$2,183.48 ","$1,008.07 ","$1,122.86 ","$1,528.80 ","$1,407.88 ",$227.83 ,$236.99 ,$225.19 ,$385.65 ,$608.30 ,$316.51 ,$214.71 ,"$32,663.06 ","$16,331.53 ","$8,165.76 "
4/6/22 0:00,"$5,183.19 ","$3,215.40 ","$4,350.27 ","$2,052.41 ","$3,300.03 ","$1,890.63 ","$1,222.09 ","$2,818.87 ","$1,105.52 ","$1,351.61 ","$1,902.67 ","$1,547.75 ",$381.34 ,$291.00 ,$310.67 ,$460.30 ,$428.23 ,$302.38 ,$212.13 ,"$32,326.49 ","$16,163.24 ","$8,081.62 "
4/7/22 0:00,"$5,586.51 ","$3,858.34 ","$4,919.74 ","$2,910.13 ","$3,956.15 ","$1,306.60 ","$1,572.78 ","$2,536.43 ","$1,285.34 ","$1,891.46 ","$1,871.97 ","$1,213.55 ",$669.73 ,$214.29 ,$174.80 ,$440.48 ,$508.99 ,$253.35 ,$216.49 ,"$35,387.13 ","$17,693.57 ","$8,846.78 "
4/8/22 0:00,"$5,020.11 ","$3,802.89 ","$4,960.77 ","$2,534.43 ","$3,389.24 ","$1,829.84 ","$1,324.04 ","$2,646.11 ","$1,393.17 ","$1,690.21 ","$1,928.36 ","$1,336.19 ",$389.98 ,$261.69 ,$324.29 ,$474.41 ,$599.96 ,$320.47 ,$279.72 ,"$34,505.88 ","$17,252.94 ","$8,626.47 "
4/9/22 0:00,"$5,828.94 ","$3,159.15 ","$4,640.56 ","$2,015.68 ","$3,697.52 ","$1,941.68 ","$1,658.92 ","$2,428.90 ","$1,364.32 ","$1,731.67 ","$1,852.07 ","$1,735.51 ",$314.41 ,$220.29 ,$251.83 ,$546.20 ,$826.37 ,$174.54 ,$273.58 ,"$34,662.14 ","$17,331.07 ","$8,665.54 "
4/10/22 0:00,"$5,004.70 ","$3,605.71 ","$4,688.65 ","$2,344.70 ","$3,634.11 ","$1,395.18 ","$1,522.61 ","$2,435.63 ","$1,806.43 ","$1,878.29 ","$1,583.89 ","$1,563.47 ",$688.11 ,$228.88 ,$259.16 ,$471.40 ,$508.59 ,$178.05 ,$332.56 ,"$34,130.12 ","$17,065.06 ","$8,532.53 "
4/11/22 0:00,"$5,677.82 ","$3,115.66 ","$4,042.45 ","$2,724.33 ","$3,952.91 ","$1,904.13 ","$1,625.49 ","$2,125.40 ","$1,221.58 ","$1,310.29 ","$1,867.98 ","$1,762.28 ",$316.78 ,$244.51 ,$334.54 ,$395.05 ,$748.93 ,$347.98 ,$313.88 ,"$34,031.99 ","$17,016.00 ","$8,508.00 "
4/12/22 0:00,"$5,270.01 ","$3,727.89 ","$4,514.48 ","$2,488.43 ","$3,914.60 ","$1,335.09 ","$1,617.67 ","$2,170.99 ","$1,410.31 ","$1,789.94 ","$1,778.93 ","$1,761.96 ",$542.34 ,$254.72 ,$286.54 ,$403.08 ,$478.72 ,$176.16 ,$266.16 ,"$34,188.02 ","$17,094.01 ","$8,547.01 "
4/13/22 0:00,"$5,735.19 ","$3,637.46 ","$4,546.87 ","$2,980.16 ","$3,148.00 ","$1,324.60 ","$1,736.44 ","$2,919.00 ","$1,814.23 ","$1,096.54 ","$1,554.34 ","$1,753.58 ",$255.85 ,$217.54 ,$165.63 ,$389.49 ,$689.05 ,$276.14 ,$273.22 ,"$34,513.33 ","$17,256.66 ","$8,628.33 "
4/14/22 0:00,"$5,962.19 ","$3,811.94 ","$4,340.10 ","$2,422.61 ","$3,085.69 ","$1,995.73 ","$1,798.88 ","$2,457.63 ","$1,793.44 ","$1,577.55 ","$1,952.56 ","$1,144.19 ",$516.07 ,$259.55 ,$200.58 ,$505.37 ,$501.51 ,$277.80 ,$260.51 ,"$34,863.90 ","$17,431.95 ","$8,715.98 "
4/15/22 0:00,"$5,248.75 ","$3,479.38 ","$4,068.60 ","$2,326.64 ","$3,809.64 ","$1,952.41 ","$1,061.88 ","$2,472.46 ","$1,205.23 ","$1,534.15 ","$1,951.16 ","$1,650.20 ",$272.48 ,$260.72 ,$292.15 ,$449.36 ,$747.39 ,$227.42 ,$285.53 ,"$33,295.55 ","$16,647.78 ","$8,323.89 "
4/16/22 0:00,"$5,576.16 ","$3,914.86 ","$4,228.91 ","$2,821.67 ","$3,904.94 ","$1,228.62 ","$1,948.38 ","$2,666.33 ","$1,364.07 ","$1,431.19 ","$1,813.93 ","$1,480.18 ",$339.35 ,$240.85 ,$168.62 ,$372.72 ,$644.13 ,$237.13 ,$234.90 ,"$34,616.94 ","$17,308.47 ","$8,654.23 "
4/17/22 0:00,"$5,592.04 ","$3,049.35 ","$4,357.98 ","$2,547.91 ","$3,492.97 ","$1,837.20 ","$1,406.44 ","$2,014.13 ","$1,156.31 ","$1,209.17 ","$1,709.82 ","$1,062.09 ",$418.25 ,$220.07 ,$202.26 ,$524.74 ,$801.67 ,$253.40 ,$343.00 ,"$32,198.80 ","$16,099.40 ","$8,049.70 "
4/18/22 0:00,"$5,572.25 ","$3,292.89 ","$4,435.14 ","$2,682.33 ","$3,690.76 ","$1,342.46 ","$1,170.10 ","$2,532.69 ","$1,090.10 ","$1,427.53 ","$1,618.96 ","$1,835.05 ",$582.51 ,$233.39 ,$202.74 ,$429.14 ,$448.05 ,$245.34 ,$152.47 ,"$32,983.90 ","$16,491.95 ","$8,245.97 "
4/19/22 0:00,"$5,223.08 ","$3,715.05 ","$4,590.93 ","$2,805.70 ","$3,069.79 ","$1,979.24 ","$1,921.98 ","$2,885.34 ","$1,554.19 ","$1,844.28 ","$1,548.80 ","$1,219.72 ",$477.58 ,$209.80 ,$291.54 ,$471.92 ,$485.18 ,$276.09 ,$180.64 ,"$34,750.85 ","$17,375.42 ","$8,687.71 "
4/20/22 0:00,"$5,952.75 ","$3,418.11 ","$4,722.39 ","$2,671.43 ","$3,219.80 ","$1,849.82 ","$1,783.99 ","$2,417.30 ","$1,319.49 ","$1,730.70 ","$1,903.00 ","$1,012.94 ",$290.04 ,$274.48 ,$160.32 ,$544.92 ,$744.81 ,$162.70 ,$187.35 ,"$34,366.34 ","$17,183.17 ","$8,591.58 "
4/21/22 0:00,"$5,447.13 ","$3,172.95 ","$4,317.63 ","$2,422.41 ","$3,149.38 ","$1,904.92 ","$1,420.35 ","$2,412.60 ","$1,513.69 ","$1,440.60 ","$1,983.38 ","$1,643.44 ",$577.45 ,$201.46 ,$219.00 ,$466.72 ,$551.19 ,$195.91 ,$179.51 ,"$33,219.72 ","$16,609.86 ","$8,304.93 "
4/22/22 0:00,"$5,846.41 ","$3,107.21 ","$4,328.95 ","$2,124.80 ","$3,601.16 ","$1,573.67 ","$1,599.91 ","$2,453.31 ","$1,587.91 ","$1,967.59 ","$1,507.02 ","$1,172.11 ",$518.86 ,$233.18 ,$235.27 ,$451.62 ,$431.26 ,$263.37 ,$268.26 ,"$33,271.87 ","$16,635.94 ","$8,317.97 "
4/23/22 0:00,"$5,699.48 ","$3,817.34 ","$4,019.69 ","$2,580.25 ","$3,197.54 ","$1,294.15 ","$1,226.20 ","$2,855.10 ","$1,606.19 ","$1,785.29 ","$1,739.68 ","$1,061.71 ",$209.61 ,$292.43 ,$164.66 ,$531.57 ,$716.39 ,$262.52 ,$153.72 ,"$33,213.52 ","$16,606.76 ","$8,303.38 "
4/24/22 0:00,"$5,297.44 ","$3,473.14 ","$4,040.87 ","$2,897.43 ","$3,059.85 ","$1,197.53 ","$1,413.13 ","$2,610.00 ","$1,940.77 ","$1,044.26 ","$1,553.02 ","$1,933.77 ",$232.80 ,$218.75 ,$241.68 ,$529.09 ,$461.07 ,$198.31 ,$170.40 ,"$32,513.31 ","$16,256.66 ","$8,128.33 "
4/25/22 0:00,"$5,813.80 ","$3,882.28 ","$4,257.82 ","$2,418.89 ","$3,302.21 ","$1,527.87 ","$1,400.94 ","$2,747.35 ","$1,234.65 ","$1,750.74 ","$1,709.27 ","$1,148.48 ",$246.06 ,$252.35 ,$256.28 ,$441.17 ,$453.64 ,$168.59 ,$175.70 ,"$33,188.09 ","$16,594.04 ","$8,297.02 "
4/26/22 0:00,"$5,396.51 ","$3,733.29 ","$4,740.24 ","$2,910.73 ","$3,677.21 ","$1,671.52 ","$1,754.04 ","$2,718.15 ","$1,898.09 ","$1,718.54 ","$1,790.31 ","$1,520.05 ",$324.75 ,$214.92 ,$344.16 ,$486.51 ,$626.28 ,$191.91 ,$311.22 ,"$36,028.43 ","$18,014.22 ","$9,007.11 "
4/27/22 0:00,"$5,881.10 ","$3,409.73 ","$4,628.31 ","$2,503.53 ","$3,577.86 ","$1,741.79 ","$1,431.72 ","$2,050.86 ","$1,051.31 ","$1,049.22 ","$1,714.55 ","$1,367.30 ",$338.36 ,$294.98 ,$324.70 ,$485.56 ,$585.40 ,$255.93 ,$318.52 ,"$33,010.73 ","$16,505.37 ","$8,252.68 "
4/28/22 0:00,"$5,581.27 ","$3,373.51 ","$4,769.79 ","$2,620.84 ","$3,330.72 ","$1,170.38 ","$1,754.87 ","$2,976.70 ","$1,030.38 ","$1,926.56 ","$1,508.61 ","$1,044.74 ",$538.74 ,$282.06 ,$336.11 ,$409.29 ,$478.30 ,$226.42 ,$282.18 ,"$33,641.47 ","$16,820.74 ","$8,410.37 "
4/29/22 0:00,"$5,881.74 ","$3,515.64 ","$4,768.92 ","$2,832.99 ","$3,833.48 ","$1,535.89 ","$1,790.08 ","$2,706.21 ","$1,108.77 ","$1,467.04 ","$1,993.92 ","$1,314.35 ",$525.16 ,$231.26 ,$204.15 ,$382.66 ,$701.76 ,$209.16 ,$228.48 ,"$35,231.66 ","$17,615.83 ","$8,807.92 "
4/30/22 0:00,"$5,692.53 ","$3,889.06 ","$4,856.57 ","$2,564.60 ","$3,276.27 ","$1,436.11 ","$1,385.62 ","$2,580.13 ","$1,643.69 ","$1,239.13 ","$1,962.90 ","$1,350.47 ",$636.00 ,$275.19 ,$180.03 ,$463.76 ,$586.97 ,$159.69 ,$298.39 ,"$34,477.11 ","$17,238.56 ","$8,619.28 "
5/1/22 0:00,"$5,725.25 ","$3,737.28 ","$4,720.32 ","$2,090.97 ","$3,260.55 ","$1,208.22 ","$1,440.06 ","$2,045.18 ","$1,530.29 ","$1,448.23 ","$1,886.19 ","$1,493.44 ",$607.66 ,$256.74 ,$277.70 ,$357.22 ,$708.32 ,$160.53 ,$320.08 ,"$33,274.23 ","$16,637.12 ","$8,318.56 "
5/2/22 0:00,"$5,501.32 ","$3,005.15 ","$4,979.01 ","$2,980.98 ","$3,559.95 ","$1,552.96 ","$1,520.72 ","$2,918.08 ","$1,162.12 ","$1,833.78 ","$1,700.34 ","$1,706.73 ",$594.28 ,$222.17 ,$190.30 ,$514.58 ,$572.27 ,$312.53 ,$224.41 ,"$35,051.68 ","$17,525.84 ","$8,762.92 "
5/3/22 0:00,"$5,956.08 ","$3,694.16 ","$4,898.83 ","$2,245.85 ","$3,478.22 ","$1,275.91 ","$1,003.51 ","$2,469.56 ","$1,147.90 ","$1,250.51 ","$1,844.75 ","$1,999.98 ",$494.45 ,$213.44 ,$267.30 ,$502.13 ,$771.64 ,$259.96 ,$284.83 ,"$34,059.01 ","$17,029.50 ","$8,514.75 "
5/4/22 0:00,"$5,643.99 ","$3,919.51 ","$4,586.72 ","$2,710.51 ","$3,445.97 ","$1,535.05 ","$1,195.06 ","$2,911.19 ","$1,529.43 ","$1,914.09 ","$1,854.88 ","$1,518.57 ",$253.32 ,$224.92 ,$189.14 ,$491.77 ,$658.33 ,$336.68 ,$288.73 ,"$35,207.86 ","$17,603.93 ","$8,801.97 "
5/5/22 0:00,"$5,423.86 ","$3,710.46 ","$4,588.16 ","$2,505.11 ","$3,155.79 ","$1,200.11 ","$1,847.14 ","$2,418.41 ","$1,959.01 ","$1,064.74 ","$1,670.13 ","$1,942.75 ",$543.87 ,$262.90 ,$163.03 ,$535.63 ,$765.32 ,$199.14 ,$225.97 ,"$34,181.53 ","$17,090.76 ","$8,545.38 "
5/6/22 0:00,"$5,606.39 ","$3,177.01 ","$4,034.27 ","$2,478.77 ","$3,504.65 ","$1,899.94 ","$1,760.94 ","$2,577.31 ","$1,182.73 ","$1,089.36 ","$1,519.84 ","$1,527.45 ",$351.16 ,$295.48 ,$239.78 ,$541.60 ,$681.71 ,$177.77 ,$157.12 ,"$32,803.28 ","$16,401.64 ","$8,200.82 "
5/7/22 0:00,"$5,019.19 ","$3,483.52 ","$4,998.53 ","$2,243.94 ","$3,259.02 ","$1,338.10 ","$1,077.15 ","$2,893.72 ","$1,259.13 ","$1,599.32 ","$1,811.16 ","$1,593.68 ",$591.70 ,$277.69 ,$277.29 ,$443.44 ,$562.76 ,$156.01 ,$246.52 ,"$33,131.87 ","$16,565.93 ","$8,282.97 "
5/8/22 0:00,"$5,301.57 ","$3,140.32 ","$4,131.58 ","$2,722.15 ","$3,392.18 ","$1,610.33 ","$1,634.90 ","$2,460.83 ","$1,120.58 ","$1,509.80 ","$1,974.04 ","$1,139.07 ",$383.34 ,$290.35 ,$168.83 ,$484.96 ,$574.49 ,$268.70 ,$226.54 ,"$32,534.56 ","$16,267.28 ","$8,133.64 "
5/9/22 0:00,"$5,660.17 ","$3,359.00 ","$4,740.35 ","$2,112.79 ","$3,733.57 ","$1,121.93 ","$1,020.74 ","$2,179.53 ","$1,594.60 ","$1,671.51 ","$1,873.89 ","$1,570.83 ",$267.20 ,$219.41 ,$259.94 ,$544.92 ,$763.35 ,$268.71 ,$332.12 ,"$33,294.56 ","$16,647.28 ","$8,323.64 "
5/10/22 0:00,"$5,290.08 ","$3,937.12 ","$4,821.02 ","$2,990.45 ","$3,936.86 ","$1,630.02 ","$1,534.20 ","$2,425.06 ","$1,926.77 ","$1,043.45 ","$1,613.99 ","$1,260.56 ",$502.65 ,$291.46 ,$237.37 ,$520.69 ,$413.15 ,$193.04 ,$164.69 ,"$34,732.63 ","$17,366.32 ","$8,683.16 "
5/11/22 0:00,"$5,618.02 ","$3,923.31 ","$4,373.05 ","$2,845.37 ","$3,773.86 ","$1,272.04 ","$1,161.48 ","$2,381.63 ","$1,238.02 ","$1,260.24 ","$1,777.91 ","$1,274.05 ",$641.40 ,$208.47 ,$201.05 ,$480.83 ,$477.91 ,$231.72 ,$347.03 ,"$33,487.39 ","$16,743.70 ","$8,371.85 "
5/12/22 0:00,"$5,428.77 ","$3,282.84 ","$4,196.85 ","$2,534.51 ","$3,405.63 ","$1,956.53 ","$1,853.45 ","$2,730.86 ","$1,472.42 ","$1,703.14 ","$1,695.11 ","$1,433.88 ",$287.93 ,$294.42 ,$184.38 ,$437.90 ,$683.29 ,$173.95 ,$287.99 ,"$34,043.85 ","$17,021.92 ","$8,510.96 "
5/13/22 0:00,"$5,135.47 ","$3,339.63 ","$4,098.76 ","$2,424.55 ","$3,593.03 ","$1,394.15 ","$1,614.82 ","$2,840.73 ","$1,907.61 ","$1,344.40 ","$1,773.25 ","$1,653.74 ",$347.21 ,$214.12 ,$196.87 ,$498.51 ,$734.54 ,$179.49 ,$332.57 ,"$33,623.45 ","$16,811.72 ","$8,405.86 "
5/14/22 0:00,"$5,298.28 ","$3,600.21 ","$4,748.61 ","$2,286.46 ","$3,746.50 ","$1,607.41 ","$1,063.98 ","$2,011.33 ","$1,708.28 ","$1,304.65 ","$1,862.03 ","$1,617.33 ",$332.22 ,$236.15 ,$329.32 ,$361.70 ,$783.56 ,$276.23 ,$192.74 ,"$33,366.99 ","$16,683.50 ","$8,341.75 "
5/15/22 0:00,"$5,569.96 ","$3,963.20 ","$4,452.65 ","$2,501.59 ","$3,414.22 ","$1,215.81 ","$1,641.25 ","$2,494.82 ","$1,528.29 ","$1,819.78 ","$1,743.36 ","$1,306.28 ",$591.14 ,$234.56 ,$156.37 ,$354.64 ,$746.95 ,$213.10 ,$281.99 ,"$34,229.96 ","$17,114.98 ","$8,557.49 "
5/16/22 0:00,"$5,590.87 ","$3,147.80 ","$4,713.72 ","$2,879.42 ","$3,360.25 ","$1,861.48 ","$1,892.20 ","$2,267.27 ","$1,639.31 ","$1,796.06 ","$1,956.16 ","$1,028.75 ",$276.09 ,$232.99 ,$179.50 ,$500.72 ,$841.67 ,$210.44 ,$188.31 ,"$34,563.01 ","$17,281.50 ","$8,640.75 "
5/17/22 0:00,"$5,574.33 ","$3,256.92 ","$4,915.41 ","$2,275.01 ","$3,135.24 ","$1,804.33 ","$1,733.71 ","$2,164.43 ","$1,730.84 ","$1,744.99 ","$1,846.06 ","$1,244.05 ",$420.19 ,$273.66 ,$253.63 ,$375.90 ,$813.94 ,$270.01 ,$301.85 ,"$34,134.50 ","$17,067.25 ","$8,533.62 "
5/18/22 0:00,"$5,653.20 ","$3,873.56 ","$4,146.58 ","$2,500.54 ","$3,736.26 ","$1,245.64 ","$1,115.20 ","$2,665.71 ","$1,728.48 ","$1,627.63 ","$1,676.16 ","$1,452.83 ",$388.30 ,$283.95 ,$286.53 ,$512.38 ,$589.42 ,$199.34 ,$155.80 ,"$33,837.51 ","$16,918.75 ","$8,459.38 "
5/19/22 0:00,"$5,652.10 ","$3,491.89 ","$4,919.17 ","$2,234.55 ","$3,838.51 ","$1,911.05 ","$1,665.09 ","$2,835.55 ","$1,484.98 ","$1,954.41 ","$1,806.17 ","$1,909.52 ",$584.67 ,$257.05 ,$232.06 ,$428.89 ,$754.83 ,$153.21 ,$234.03 ,"$36,347.73 ","$18,173.86 ","$9,086.93 "
5/20/22 0:00,"$5,431.42 ","$3,898.96 ","$4,411.63 ","$2,337.15 ","$3,316.58 ","$1,040.16 ","$1,610.70 ","$2,544.41 ","$1,281.48 ","$1,021.06 ","$1,727.69 ","$1,610.36 ",$419.71 ,$254.61 ,$198.07 ,$540.30 ,$533.21 ,$211.10 ,$210.28 ,"$32,598.88 ","$16,299.44 ","$8,149.72 "
5/21/22 0:00,"$5,896.55 ","$3,185.52 ","$4,305.27 ","$2,190.26 ","$3,783.51 ","$1,752.57 ","$1,631.35 ","$2,193.79 ","$1,206.17 ","$1,152.64 ","$1,896.02 ","$1,877.51 ",$324.45 ,$226.13 ,$204.87 ,$362.80 ,$817.93 ,$324.80 ,$304.71 ,"$33,636.85 ","$16,818.42 ","$8,409.21 "
5/22/22 0:00,"$5,367.56 ","$3,532.67 ","$4,943.06 ","$2,990.54 ","$3,610.21 ","$1,457.87 ","$1,795.16 ","$2,751.29 ","$1,918.61 ","$1,459.89 ","$1,503.72 ","$1,594.03 ",$240.31 ,$290.33 ,$279.88 ,$450.58 ,$848.72 ,$325.15 ,$333.54 ,"$35,693.12 ","$17,846.56 ","$8,923.28 "
5/23/22 0:00,"$5,435.86 ","$3,326.27 ","$4,990.65 ","$2,571.50 ","$3,784.08 ","$1,835.46 ","$1,304.42 ","$2,521.33 ","$1,058.25 ","$1,280.69 ","$1,792.78 ","$1,443.17 ",$442.91 ,$256.48 ,$292.58 ,$403.96 ,$730.56 ,$333.73 ,$154.61 ,"$33,959.29 ","$16,979.64 ","$8,489.82 "
5/24/22 0:00,"$5,891.92 ","$3,316.54 ","$4,198.89 ","$2,732.82 ","$3,411.34 ","$1,465.49 ","$1,355.47 ","$2,804.64 ","$1,337.07 ","$1,293.36 ","$1,511.75 ","$1,328.58 ",$324.51 ,$241.13 ,$344.06 ,$370.22 ,$550.55 ,$188.66 ,$317.91 ,"$32,984.91 ","$16,492.46 ","$8,246.23 "
5/25/22 0:00,"$5,806.19 ","$3,446.88 ","$4,656.84 ","$2,098.25 ","$3,747.58 ","$1,065.58 ","$1,201.82 ","$2,964.72 ","$1,690.05 ","$1,980.30 ","$1,989.67 ","$1,970.09 ",$542.75 ,$255.95 ,$290.70 ,$458.23 ,$833.35 ,$283.97 ,$180.82 ,"$35,463.74 ","$17,731.87 ","$8,865.94 "
5/26/22 0:00,"$5,703.89 ","$3,433.08 ","$4,106.50 ","$2,366.12 ","$3,408.51 ","$1,226.55 ","$1,457.18 ","$2,419.35 ","$1,600.07 ","$1,044.22 ","$1,753.77 ","$1,478.25 ",$320.04 ,$210.45 ,$234.38 ,$351.26 ,$418.43 ,$248.44 ,$281.90 ,"$32,062.39 ","$16,031.20 ","$8,015.60 "
5/27/22 0:00,"$5,100.23 ","$3,357.35 ","$4,650.91 ","$2,892.64 ","$3,088.76 ","$1,994.37 ","$1,409.84 ","$2,319.00 ","$1,433.22 ","$1,025.90 ","$1,639.40 ","$1,359.25 ",$468.50 ,$211.14 ,$199.11 ,$392.04 ,$584.50 ,$202.63 ,$281.17 ,"$32,609.96 ","$16,304.98 ","$8,152.49 "
5/28/22 0:00,"$5,919.48 ","$3,914.97 ","$4,827.31 ","$2,084.44 ","$3,550.58 ","$1,334.18 ","$1,084.10 ","$2,282.08 ","$1,104.23 ","$1,935.14 ","$1,555.35 ","$1,907.73 ",$518.28 ,$292.73 ,$256.93 ,$440.36 ,$629.52 ,$278.74 ,$284.97 ,"$34,201.12 ","$17,100.56 ","$8,550.28 "
5/29/22 0:00,"$5,714.24 ","$3,731.74 ","$4,684.50 ","$2,165.48 ","$3,454.33 ","$1,160.31 ","$1,242.61 ","$2,690.99 ","$1,139.53 ","$1,160.09 ","$1,670.85 ","$1,811.86 ",$650.34 ,$221.86 ,$295.31 ,$419.23 ,$631.58 ,$272.00 ,$288.57 ,"$33,405.42 ","$16,702.71 ","$8,351.36 "
5/30/22 0:00,"$5,998.85 ","$3,727.55 ","$4,417.33 ","$2,625.42 ","$3,252.88 ","$1,805.83 ","$1,119.93 ","$2,971.88 ","$1,696.52 ","$1,042.98 ","$1,817.04 ","$1,588.74 ",$652.69 ,$227.03 ,$173.32 ,$522.63 ,$501.19 ,$178.97 ,$334.35 ,"$34,655.13 ","$17,327.57 ","$8,663.78 "
5/31/22 0:00,"$5,149.45 ","$3,289.91 ","$4,383.07 ","$2,622.79 ","$3,892.11 ","$1,045.07 ","$1,554.51 ","$2,285.82 ","$1,483.70 ","$1,458.55 ","$1,986.44 ","$1,566.06 ",$534.25 ,$255.72 ,$161.96 ,$407.18 ,$581.01 ,$302.19 ,$212.40 ,"$33,172.19 ","$16,586.10 ","$8,293.05 "
6/1/22 0:00,"$5,868.13 ","$3,577.71 ","$4,393.12 ","$2,838.23 ","$3,382.85 ","$1,066.41 ","$1,187.27 ","$2,462.28 ","$1,339.55 ","$1,881.89 ","$1,547.20 ","$1,497.35 ",$306.71 ,$248.69 ,$194.83 ,$414.43 ,$720.02 ,$332.13 ,$237.42 ,"$33,496.22 ","$16,748.11 ","$8,374.05 "
6/2/22 0:00,"$5,162.49 ","$3,779.18 ","$4,589.71 ","$2,935.49 ","$3,039.13 ","$1,297.52 ","$1,325.60 ","$2,576.33 ","$1,374.79 ","$1,306.06 ","$1,605.12 ","$1,096.32 ",$230.11 ,$255.57 ,$233.85 ,$532.15 ,$749.91 ,$211.80 ,$272.33 ,"$32,573.46 ","$16,286.73 ","$8,143.37 "
6/3/22 0:00,"$5,615.56 ","$3,795.59 ","$4,881.57 ","$2,141.99 ","$3,382.14 ","$1,047.40 ","$1,817.05 ","$2,953.92 ","$1,428.69 ","$1,932.25 ","$1,638.47 ","$1,687.50 ",$576.11 ,$236.54 ,$283.43 ,$384.29 ,$723.24 ,$169.83 ,$249.60 ,"$34,945.17 ","$17,472.58 ","$8,736.29 "
6/4/22 0:00,"$5,123.82 ","$3,344.53 ","$4,929.07 ","$2,259.37 ","$3,424.51 ","$1,995.71 ","$1,571.85 ","$2,247.15 ","$1,683.06 ","$1,865.28 ","$1,883.00 ","$1,375.53 ",$379.99 ,$240.52 ,$151.83 ,$474.92 ,$407.54 ,$222.70 ,$237.05 ,"$33,817.43 ","$16,908.72 ","$8,454.36 "
6/5/22 0:00,"$5,848.01 ","$3,770.87 ","$4,053.53 ","$2,427.46 ","$3,861.64 ","$1,691.13 ","$1,519.58 ","$2,961.63 ","$1,600.95 ","$1,280.42 ","$1,539.49 ","$1,017.02 ",$260.34 ,$216.88 ,$257.71 ,$429.17 ,$704.00 ,$319.82 ,$328.92 ,"$34,088.57 ","$17,044.28 ","$8,522.14 "
6/6/22 0:00,"$5,807.32 ","$3,735.89 ","$4,181.62 ","$2,000.90 ","$3,799.18 ","$1,519.59 ","$1,944.36 ","$2,524.03 ","$1,070.48 ","$1,435.44 ","$1,947.20 ","$1,726.06 ",$617.62 ,$249.70 ,$208.17 ,$363.03 ,$508.53 ,$242.45 ,$310.65 ,"$34,192.22 ","$17,096.11 ","$8,548.05 "
6/7/22 0:00,"$5,569.10 ","$3,141.51 ","$4,112.22 ","$2,069.81 ","$3,199.97 ","$1,805.17 ","$1,437.35 ","$2,728.39 ","$1,157.48 ","$1,923.74 ","$1,609.49 ","$1,129.31 ",$468.53 ,$242.30 ,$217.00 ,$509.38 ,$690.57 ,$302.78 ,$251.85 ,"$32,565.95 ","$16,282.97 ","$8,141.49 "
6/8/22 0:00,"$5,407.18 ","$3,865.95 ","$4,193.33 ","$2,226.49 ","$3,839.03 ","$1,662.49 ","$1,883.64 ","$2,781.34 ","$1,070.56 ","$1,123.29 ","$1,859.01 ","$1,797.92 ",$674.51 ,$294.01 ,$236.65 ,$549.62 ,$571.04 ,$267.07 ,$213.24 ,"$34,516.37 ","$17,258.19 ","$8,629.09 "
6/9/22 0:00,"$5,069.17 ","$3,441.32 ","$4,346.61 ","$2,481.10 ","$3,247.93 ","$1,173.26 ","$1,577.85 ","$2,164.61 ","$1,034.59 ","$1,061.89 ","$1,880.28 ","$1,259.57 ",$489.44 ,$212.98 ,$242.00 ,$434.49 ,$658.08 ,$345.15 ,$297.06 ,"$31,417.38 ","$15,708.69 ","$7,854.34 "
6/10/22 0:00,"$5,697.43 ","$3,486.41 ","$4,506.53 ","$2,251.52 ","$3,341.93 ","$1,219.63 ","$1,405.34 ","$2,974.74 ","$1,776.00 ","$1,188.72 ","$1,946.54 ","$1,586.41 ",$675.64 ,$261.57 ,$230.36 ,$469.66 ,$501.13 ,$261.42 ,$319.53 ,"$34,100.51 ","$17,050.25 ","$8,525.13 "
6/11/22 0:00,"$5,453.54 ","$3,448.37 ","$4,629.46 ","$2,876.68 ","$3,076.82 ","$1,867.69 ","$1,346.07 ","$2,976.12 ","$1,850.96 ","$1,225.62 ","$1,603.77 ","$1,569.76 ",$474.27 ,$296.65 ,$167.48 ,$517.42 ,$704.82 ,$306.54 ,$211.59 ,"$34,603.63 ","$17,301.81 ","$8,650.91 "
6/12/22 0:00,"$5,722.06 ","$3,567.85 ","$4,732.14 ","$2,324.27 ","$3,055.36 ","$1,336.96 ","$1,903.38 ","$2,866.17 ","$1,416.18 ","$1,179.39 ","$1,861.63 ","$1,176.87 ",$285.99 ,$209.80 ,$181.83 ,$507.15 ,$806.18 ,$226.94 ,$334.95 ,"$33,695.10 ","$16,847.55 ","$8,423.78 "
6/13/22 0:00,"$5,866.38 ","$3,621.17 ","$4,890.11 ","$2,924.62 ","$3,680.86 ","$1,447.64 ","$1,565.25 ","$2,843.35 ","$1,968.84 ","$1,031.71 ","$1,676.54 ","$1,439.04 ",$681.98 ,$272.11 ,$248.67 ,$451.01 ,$550.57 ,$239.82 ,$234.69 ,"$35,634.36 ","$17,817.18 ","$8,908.59 "
6/14/22 0:00,"$5,975.52 ","$3,498.18 ","$4,989.09 ","$2,974.79 ","$3,923.34 ","$1,391.14 ","$1,251.71 ","$2,326.26 ","$1,863.60 ","$1,717.66 ","$1,694.14 ","$1,819.04 ",$244.90 ,$286.55 ,$227.31 ,$406.84 ,$428.65 ,$204.06 ,$214.23 ,"$35,437.01 ","$17,718.50 ","$8,859.25 "
6/15/22 0:00,"$5,855.80 ","$3,866.79 ","$4,662.86 ","$2,449.86 ","$3,493.02 ","$1,052.03 ","$1,519.47 ","$2,852.07 ","$1,860.39 ","$1,161.95 ","$1,754.16 ","$1,971.98 ",$291.33 ,$233.22 ,$349.34 ,$400.37 ,$822.74 ,$200.73 ,$272.78 ,"$35,070.89 ","$17,535.44 ","$8,767.72 "
6/16/22 0:00,"$5,011.71 ","$3,627.73 ","$4,845.36 ","$2,227.13 ","$3,844.09 ","$1,704.57 ","$1,249.77 ","$2,888.33 ","$1,367.18 ","$1,455.39 ","$1,565.59 ","$1,018.17 ",$697.95 ,$256.94 ,$303.92 ,$523.85 ,$647.07 ,$260.61 ,$178.22 ,"$33,673.58 ","$16,836.79 ","$8,418.40 "
6/17/22 0:00,"$5,359.98 ","$3,401.43 ","$4,778.04 ","$2,291.67 ","$3,793.75 ","$1,540.07 ","$1,240.67 ","$2,266.53 ","$1,954.35 ","$1,120.39 ","$1,679.36 ","$1,146.65 ",$589.30 ,$208.96 ,$266.57 ,$365.35 ,$774.30 ,$284.24 ,$332.25 ,"$33,393.86 ","$16,696.93 ","$8,348.46 "
6/18/22 0:00,"$5,729.99 ","$3,416.69 ","$4,307.53 ","$2,776.33 ","$3,664.68 ","$1,676.14 ","$1,129.14 ","$2,170.66 ","$1,748.93 ","$1,365.52 ","$1,970.24 ","$1,617.44 ",$620.41 ,$233.71 ,$259.57 ,$468.06 ,$825.79 ,$157.16 ,$308.27 ,"$34,446.26 ","$17,223.13 ","$8,611.56 "
6/19/22 0:00,"$5,171.63 ","$3,810.84 ","$4,875.69 ","$2,273.35 ","$3,978.23 ","$1,278.23 ","$1,689.31 ","$2,756.98 ","$1,353.69 ","$1,397.47 ","$1,590.31 ","$1,002.51 ",$435.74 ,$224.88 ,$160.00 ,$447.83 ,$793.69 ,$157.83 ,$174.20 ,"$33,572.41 ","$16,786.21 ","$8,393.10 "
6/20/22 0:00,"$5,521.04 ","$3,348.19 ","$4,042.76 ","$2,380.58 ","$3,802.19 ","$1,406.91 ","$1,781.04 ","$2,577.74 ","$1,888.83 ","$1,912.99 ","$1,657.58 ","$1,757.99 ",$389.34 ,$268.54 ,$285.35 ,$448.34 ,$634.17 ,$155.57 ,$333.38 ,"$34,592.53 ","$17,296.26 ","$8,648.13 "
6/21/22 0:00,"$5,054.34 ","$3,211.45 ","$4,000.37 ","$2,478.58 ","$3,274.84 ","$1,192.65 ","$1,323.61 ","$2,107.86 ","$1,004.11 ","$1,705.32 ","$1,903.64 ","$1,583.01 ",$335.76 ,$205.57 ,$263.09 ,$510.98 ,$839.79 ,$256.64 ,$325.32 ,"$31,576.93 ","$15,788.46 ","$7,894.23 "
6/22/22 0:00,"$5,200.00 ","$3,059.38 ","$4,273.73 ","$2,575.11 ","$3,789.01 ","$1,419.68 ","$1,409.30 ","$2,399.51 ","$1,571.59 ","$1,906.14 ","$1,624.99 ","$1,672.86 ",$226.92 ,$248.32 ,$253.18 ,$380.41 ,$596.99 ,$266.64 ,$275.74 ,"$33,149.50 ","$16,574.75 ","$8,287.38 "
6/23/22 0:00,"$5,018.52 ","$3,876.03 ","$4,462.10 ","$2,996.10 ","$3,692.66 ","$1,653.49 ","$1,793.07 ","$2,332.00 ","$1,520.17 ","$1,489.10 ","$1,582.40 ","$1,624.24 ",$223.66 ,$255.38 ,$303.29 ,$547.70 ,$512.38 ,$259.82 ,$336.87 ,"$34,478.98 ","$17,239.49 ","$8,619.75 "
6/24/22 0:00,"$5,793.70 ","$3,918.55 ","$4,638.36 ","$2,232.21 ","$3,399.52 ","$1,944.69 ","$1,016.30 ","$2,660.69 ","$1,081.79 ","$1,169.34 ","$1,595.26 ","$1,599.01 ",$363.99 ,$293.13 ,$306.60 ,$412.92 ,$790.70 ,$246.80 ,$304.70 ,"$33,768.26 ","$16,884.13 ","$8,442.06 "
6/25/22 0:00,"$5,223.92 ","$3,120.12 ","$4,101.77 ","$2,353.42 ","$3,076.80 ","$1,663.46 ","$1,332.83 ","$2,420.41 ","$1,862.36 ","$1,409.63 ","$1,992.84 ","$1,102.41 ",$311.94 ,$292.11 ,$193.34 ,$515.20 ,$796.91 ,$262.10 ,$287.91 ,"$32,319.48 ","$16,159.74 ","$8,079.87 "
6/26/22 0:00,"$5,345.35 ","$3,334.47 ","$4,673.01 ","$2,262.89 ","$3,214.36 ","$1,525.16 ","$1,307.59 ","$2,648.68 ","$1,281.71 ","$1,593.68 ","$1,706.65 ","$1,235.22 ",$533.39 ,$200.66 ,$186.93 ,$383.34 ,$426.72 ,$210.20 ,$326.10 ,"$32,396.11 ","$16,198.06 ","$8,099.03 "
6/27/22 0:00,"$5,928.08 ","$3,175.37 ","$4,801.82 ","$2,361.11 ","$3,797.24 ","$1,416.37 ","$1,543.45 ","$2,799.39 ","$1,376.35 ","$1,541.25 ","$1,697.98 ","$1,463.92 ",$284.81 ,$258.10 ,$281.93 ,$501.88 ,$731.55 ,$332.88 ,$209.14 ,"$34,502.62 ","$17,251.31 ","$8,625.66 "
6/28/22 0:00,"$5,704.41 ","$3,115.90 ","$4,185.31 ","$2,100.80 ","$3,248.49 ","$1,105.55 ","$1,894.87 ","$2,707.07 ","$1,475.15 ","$1,896.31 ","$1,878.51 ","$1,334.39 ",$654.53 ,$239.98 ,$216.16 ,$485.13 ,$550.81 ,$320.19 ,$209.16 ,"$33,322.72 ","$16,661.36 ","$8,330.68 "
6/29/22 0:00,"$5,031.84 ","$3,899.87 ","$4,415.13 ","$2,359.81 ","$3,997.86 ","$1,477.07 ","$1,040.52 ","$2,617.54 ","$1,816.93 ","$1,592.38 ","$1,531.37 ","$1,783.06 ",$683.86 ,$253.63 ,$240.96 ,$509.01 ,$787.04 ,$250.16 ,$166.27 ,"$34,454.31 ","$17,227.16 ","$8,613.58 "
6/30/22 0:00,"$5,164.69 ","$3,056.88 ","$4,519.98 ","$2,887.87 ","$3,693.99 ","$1,155.11 ","$1,842.77 ","$2,906.47 ","$1,594.94 ","$1,256.63 ","$1,584.77 ","$1,675.27 ",$437.45 ,$264.96 ,$158.88 ,$549.83 ,$509.32 ,$272.31 ,$303.79 ,"$33,835.91 ","$16,917.96 ","$8,458.98 "
7/1/22 0:00,"$5,621.48 ","$3,980.49 ","$4,451.81 ","$2,298.59 ","$3,477.22 ","$1,582.19 ","$1,557.13 ","$2,247.78 ","$1,563.96 ","$1,952.59 ","$1,859.94 ","$1,311.47 ",$225.56 ,$227.44 ,$234.59 ,$486.67 ,$661.14 ,$271.95 ,$327.12 ,"$34,339.12 ","$17,169.56 ","$8,584.78 "
7/2/22 0:00,"$5,577.23 ","$3,096.45 ","$4,799.83 ","$2,371.93 ","$3,570.44 ","$1,730.25 ","$1,587.67 ","$2,507.56 ","$1,362.38 ","$1,173.93 ","$1,659.83 ","$1,951.09 ",$285.32 ,$276.12 ,$338.37 ,$453.16 ,$458.61 ,$198.17 ,$288.88 ,"$33,687.22 ","$16,843.61 ","$8,421.80 "
7/3/22 0:00,"$5,237.89 ","$3,863.47 ","$4,960.52 ","$2,944.47 ","$3,610.87 ","$1,946.50 ","$1,956.97 ","$2,756.11 ","$1,279.68 ","$1,476.44 ","$1,850.84 ","$1,644.24 ",$333.59 ,$292.05 ,$287.53 ,$489.73 ,$797.50 ,$181.88 ,$322.76 ,"$36,233.04 ","$18,116.52 ","$9,058.26 "
7/4/22 0:00,"$5,934.21 ","$3,566.51 ","$4,798.95 ","$2,728.38 ","$3,968.94 ","$1,296.85 ","$1,128.28 ","$2,224.03 ","$1,478.12 ","$1,887.65 ","$1,511.43 ","$1,846.63 ",$637.99 ,$288.88 ,$313.88 ,$501.69 ,$461.21 ,$327.99 ,$323.73 ,"$35,225.35 ","$17,612.68 ","$8,806.34 "
7/5/22 0:00,"$5,613.97 ","$3,367.92 ","$4,077.99 ","$2,516.74 ","$3,161.74 ","$1,396.91 ","$1,276.64 ","$2,211.69 ","$1,255.73 ","$1,709.92 ","$1,795.18 ","$1,904.59 ",$644.13 ,$275.53 ,$275.50 ,$442.08 ,$691.56 ,$228.28 ,$241.01 ,"$33,087.11 ","$16,543.56 ","$8,271.78 "
7/6/22 0:00,"$5,535.63 ","$3,342.34 ","$4,804.94 ","$2,777.19 ","$3,272.40 ","$1,182.95 ","$1,230.05 ","$2,684.27 ","$1,339.51 ","$1,535.38 ","$1,772.12 ","$1,197.63 ",$683.15 ,$252.45 ,$267.02 ,$395.77 ,$501.51 ,$331.75 ,$293.61 ,"$33,399.67 ","$16,699.84 ","$8,349.92 "
7/7/22 0:00,"$5,589.91 ","$3,757.36 ","$4,066.60 ","$2,123.18 ","$3,709.59 ","$1,877.94 ","$1,468.84 ","$2,780.64 ","$1,440.38 ","$1,687.83 ","$1,572.43 ","$1,397.73 ",$331.32 ,$248.52 ,$344.17 ,$393.62 ,$740.49 ,$288.69 ,$225.39 ,"$34,044.63 ","$17,022.31 ","$8,511.16 "
7/8/22 0:00,"$5,730.12 ","$3,314.57 ","$4,235.97 ","$2,464.49 ","$3,239.86 ","$1,824.08 ","$1,579.83 ","$2,886.36 ","$1,843.50 ","$1,437.79 ","$1,559.37 ","$1,060.97 ",$287.91 ,$274.50 ,$247.94 ,$354.38 ,$482.89 ,$296.33 ,$206.79 ,"$33,327.65 ","$16,663.82 ","$8,331.91 "
7/9/22 0:00,"$5,311.94 ","$3,657.32 ","$4,153.10 ","$2,118.24 ","$3,871.30 ","$1,774.96 ","$1,727.86 ","$2,448.31 ","$1,930.51 ","$1,396.81 ","$1,964.08 ","$1,147.82 ",$462.41 ,$277.27 ,$308.06 ,$501.70 ,$741.23 ,$186.54 ,$342.43 ,"$34,321.89 ","$17,160.95 ","$8,580.47 "
7/10/22 0:00,"$5,398.22 ","$3,517.33 ","$4,197.52 ","$2,233.62 ","$3,346.53 ","$1,057.29 ","$1,053.04 ","$2,716.30 ","$1,829.74 ","$1,627.84 ","$1,752.51 ","$1,587.47 ",$372.18 ,$201.21 ,$196.28 ,$419.91 ,$627.70 ,$327.54 ,$234.40 ,"$32,696.63 ","$16,348.32 ","$8,174.16 "
7/11/22 0:00,"$5,209.84 ","$3,484.97 ","$4,528.32 ","$2,141.87 ","$3,180.84 ","$1,556.72 ","$1,426.13 ","$2,170.95 ","$1,525.70 ","$1,737.01 ","$1,524.95 ","$1,517.13 ",$399.07 ,$203.78 ,$170.39 ,$501.72 ,$718.91 ,$308.79 ,$321.79 ,"$32,628.88 ","$16,314.44 ","$8,157.22 "
7/12/22 0:00,"$5,186.19 ","$3,901.16 ","$4,671.69 ","$2,361.80 ","$3,047.62 ","$1,235.01 ","$1,924.27 ","$2,314.76 ","$1,711.56 ","$1,937.46 ","$1,574.28 ","$1,437.52 ",$426.20 ,$247.76 ,$186.27 ,$376.05 ,$634.27 ,$161.70 ,$270.55 ,"$33,606.12 ","$16,803.06 ","$8,401.53 "
7/13/22 0:00,"$5,944.37 ","$3,554.65 ","$4,470.32 ","$2,381.64 ","$3,595.60 ","$1,119.69 ","$1,462.59 ","$2,632.12 ","$1,335.21 ","$1,836.55 ","$1,836.28 ","$1,716.96 ",$230.45 ,$286.64 ,$218.46 ,$484.44 ,$650.44 ,$329.92 ,$219.51 ,"$34,305.84 ","$17,152.92 ","$8,576.46 "
7/14/22 0:00,"$5,739.55 ","$3,826.86 ","$4,959.70 ","$2,947.31 ","$3,825.28 ","$1,781.61 ","$1,817.62 ","$2,147.88 ","$1,459.20 ","$1,960.69 ","$1,738.38 ","$1,265.91 ",$362.30 ,$221.50 ,$242.14 ,$358.61 ,$671.99 ,$259.08 ,$225.63 ,"$35,811.24 ","$17,905.62 ","$8,952.81 "
7/15/22 0:00,"$5,490.46 ","$3,725.57 ","$4,240.29 ","$2,264.13 ","$3,273.79 ","$1,211.58 ","$1,111.98 ","$2,955.68 ","$1,940.49 ","$1,115.89 ","$1,798.83 ","$1,414.45 ",$571.61 ,$214.36 ,$327.88 ,$468.75 ,$502.75 ,$289.32 ,$318.14 ,"$33,235.95 ","$16,617.98 ","$8,308.99 "
7/16/22 0:00,"$5,227.41 ","$3,038.56 ","$4,763.14 ","$2,472.43 ","$3,917.54 ","$1,500.81 ","$1,289.68 ","$2,127.86 ","$1,354.95 ","$1,989.47 ","$1,729.14 ","$1,938.22 ",$439.33 ,$293.32 ,$268.53 ,$355.16 ,$659.09 ,$315.29 ,$189.88 ,"$33,869.81 ","$16,934.91 ","$8,467.45 "
7/17/22 0:00,"$5,254.36 ","$3,773.11 ","$4,870.18 ","$2,811.38 ","$3,757.73 ","$1,526.10 ","$1,735.40 ","$2,776.76 ","$1,172.99 ","$1,200.30 ","$1,962.76 ","$1,567.09 ",$582.75 ,$289.11 ,$278.52 ,$489.47 ,$518.73 ,$196.07 ,$241.49 ,"$35,004.30 ","$17,502.15 ","$8,751.07 "
7/18/22 0:00,"$5,058.03 ","$3,216.87 ","$4,562.07 ","$2,815.62 ","$3,061.30 ","$1,213.28 ","$1,621.35 ","$2,318.61 ","$1,472.09 ","$1,080.90 ","$1,912.62 ","$1,681.43 ",$536.17 ,$226.87 ,$226.99 ,$508.39 ,$534.76 ,$218.65 ,$162.99 ,"$32,428.99 ","$16,214.50 ","$8,107.25 "
7/19/22 0:00,"$5,434.42 ","$3,903.15 ","$4,456.22 ","$2,750.34 ","$3,572.63 ","$1,492.26 ","$1,443.15 ","$2,732.91 ","$1,652.59 ","$1,656.81 ","$1,990.07 ","$1,745.50 ",$670.58 ,$284.03 ,$283.92 ,$432.48 ,$624.56 ,$311.35 ,$201.59 ,"$35,638.56 ","$17,819.28 ","$8,909.64 "
7/20/22 0:00,"$5,311.80 ","$3,042.92 ","$4,596.18 ","$2,287.83 ","$3,567.44 ","$1,052.82 ","$1,668.91 ","$2,404.76 ","$1,126.51 ","$1,673.49 ","$1,969.62 ","$1,446.71 ",$545.18 ,$275.70 ,$230.82 ,$421.22 ,$502.72 ,$224.24 ,$177.28 ,"$32,526.15 ","$16,263.08 ","$8,131.54 "
7/21/22 0:00,"$5,696.34 ","$3,333.07 ","$4,428.81 ","$2,494.97 ","$3,202.37 ","$1,000.07 ","$1,770.97 ","$2,747.63 ","$1,122.10 ","$1,973.82 ","$1,864.35 ","$1,430.81 ",$479.77 ,$299.54 ,$271.61 ,$396.42 ,$678.54 ,$280.79 ,$218.54 ,"$33,690.52 ","$16,845.26 ","$8,422.63 "
7/22/22 0:00,"$5,377.75 ","$3,099.73 ","$4,555.19 ","$2,186.21 ","$3,334.54 ","$1,880.32 ","$1,897.51 ","$2,900.34 ","$1,303.69 ","$1,771.02 ","$1,526.27 ","$1,470.20 ",$278.59 ,$216.34 ,$257.16 ,$520.78 ,$534.81 ,$313.76 ,$293.13 ,"$33,717.34 ","$16,858.67 ","$8,429.33 "
7/23/22 0:00,"$5,179.60 ","$3,475.59 ","$4,416.93 ","$2,188.40 ","$3,458.28 ","$1,415.59 ","$1,440.36 ","$2,596.14 ","$1,907.65 ","$1,392.66 ","$1,999.55 ","$1,862.02 ",$660.55 ,$289.74 ,$211.58 ,$443.49 ,$483.72 ,$304.96 ,$225.38 ,"$33,952.19 ","$16,976.10 ","$8,488.05 "
7/24/22 0:00,"$5,024.68 ","$3,820.02 ","$4,400.47 ","$2,435.84 ","$3,048.08 ","$1,907.42 ","$1,642.61 ","$2,163.93 ","$1,674.60 ","$1,600.11 ","$1,736.66 ","$1,363.62 ",$698.36 ,$205.70 ,$166.72 ,$501.24 ,$804.42 ,$270.94 ,$241.79 ,"$33,707.21 ","$16,853.61 ","$8,426.80 "
7/25/22 0:00,"$5,067.25 ","$3,298.19 ","$4,695.35 ","$2,738.59 ","$3,149.78 ","$1,496.31 ","$1,381.46 ","$2,951.07 ","$1,221.93 ","$1,609.45 ","$1,530.50 ","$1,885.28 ",$621.24 ,$267.31 ,$174.52 ,$473.97 ,$596.12 ,$334.87 ,$244.72 ,"$33,737.91 ","$16,868.96 ","$8,434.48 "
7/26/22 0:00,"$5,679.39 ","$3,150.93 ","$4,092.85 ","$2,526.58 ","$3,164.00 ","$1,431.11 ","$1,927.05 ","$2,532.49 ","$1,603.49 ","$1,765.42 ","$1,995.71 ","$1,040.92 ",$246.74 ,$266.92 ,$264.98 ,$379.16 ,$824.32 ,$209.57 ,$270.85 ,"$33,372.48 ","$16,686.24 ","$8,343.12 "
7/27/22 0:00,"$5,453.70 ","$3,330.27 ","$4,166.54 ","$2,886.68 ","$3,379.24 ","$1,295.91 ","$1,480.68 ","$2,239.43 ","$1,660.24 ","$1,581.10 ","$1,785.19 ","$1,252.84 ",$255.71 ,$291.57 ,$164.62 ,$384.03 ,$586.62 ,$235.72 ,$182.44 ,"$32,612.53 ","$16,306.26 ","$8,153.13 "
7/28/22 0:00,"$5,536.58 ","$3,813.88 ","$4,851.20 ","$2,830.91 ","$3,747.36 ","$1,081.69 ","$1,410.52 ","$2,408.43 ","$1,523.05 ","$1,386.44 ","$1,729.50 ","$1,897.39 ",$382.46 ,$222.79 ,$240.61 ,$402.45 ,$404.76 ,$304.54 ,$166.55 ,"$34,341.11 ","$17,170.56 ","$8,585.28 "
7/29/22 0:00,"$5,896.67 ","$3,140.38 ","$4,771.08 ","$2,031.61 ","$3,831.30 ","$1,309.69 ","$1,939.47 ","$2,721.09 ","$1,759.38 ","$1,681.46 ","$1,509.89 ","$1,932.77 ",$548.01 ,$217.16 ,$329.81 ,$521.63 ,$489.65 ,$302.38 ,$339.38 ,"$35,272.81 ","$17,636.40 ","$8,818.20 "
7/30/22 0:00,"$5,990.34 ","$3,227.36 ","$4,281.45 ","$2,568.42 ","$3,162.85 ","$1,608.47 ","$1,001.96 ","$2,935.30 ","$1,024.74 ","$1,240.10 ","$1,714.20 ","$1,207.67 ",$613.45 ,$251.35 ,$266.53 ,$414.79 ,$775.91 ,$281.92 ,$207.65 ,"$32,774.46 ","$16,387.23 ","$8,193.62 "
7/31/22 0:00,"$5,216.90 ","$3,068.85 ","$4,377.27 ","$2,609.16 ","$3,751.91 ","$1,762.79 ","$1,331.97 ","$2,906.59 ","$1,191.12 ","$1,349.55 ","$1,591.64 ","$1,217.16 ",$290.41 ,$295.26 ,$345.33 ,$527.79 ,$562.08 ,$175.12 ,$302.33 ,"$32,873.23 ","$16,436.62 ","$8,218.31 "
8/1/22 0:00,"$5,663.08 ","$3,705.71 ","$4,926.03 ","$2,961.58 ","$3,670.71 ","$1,540.83 ","$1,838.21 ","$2,140.29 ","$1,966.37 ","$1,071.63 ","$1,859.47 ","$1,754.25 ",$512.62 ,$227.89 ,$207.58 ,$475.95 ,$780.87 ,$265.69 ,$256.78 ,"$35,825.54 ","$17,912.77 ","$8,956.39 "
8/2/22 0:00,"$5,263.32 ","$3,395.23 ","$4,818.08 ","$2,023.24 ","$3,890.69 ","$1,758.26 ","$1,451.45 ","$2,871.79 ","$1,497.74 ","$1,816.23 ","$1,503.93 ","$1,361.47 ",$279.78 ,$279.67 ,$279.98 ,$491.66 ,$574.69 ,$343.18 ,$286.89 ,"$34,187.28 ","$17,093.64 ","$8,546.82 "
8/3/22 0:00,"$5,020.65 ","$3,310.84 ","$4,614.35 ","$2,531.10 ","$3,968.79 ","$1,157.75 ","$1,348.39 ","$2,590.17 ","$1,076.51 ","$1,071.00 ","$1,766.52 ","$1,205.66 ",$256.05 ,$231.99 ,$336.95 ,$406.10 ,$533.53 ,$202.78 ,$159.20 ,"$31,788.33 ","$15,894.16 ","$7,947.08 "
8/4/22 0:00,"$5,758.38 ","$3,718.63 ","$4,221.49 ","$2,204.78 ","$3,124.46 ","$1,583.24 ","$1,587.82 ","$2,409.68 ","$1,308.18 ","$1,298.80 ","$1,521.86 ","$1,227.24 ",$435.49 ,$225.51 ,$219.88 ,$359.64 ,$760.33 ,$163.79 ,$286.20 ,"$32,415.40 ","$16,207.70 ","$8,103.85 "
8/5/22 0:00,"$5,320.02 ","$3,335.98 ","$4,044.25 ","$2,053.66 ","$3,080.67 ","$1,882.60 ","$1,404.68 ","$2,464.37 ","$1,001.77 ","$1,925.63 ","$1,857.41 ","$1,304.18 ",$630.52 ,$268.41 ,$256.72 ,$440.78 ,$432.53 ,$152.95 ,$318.77 ,"$32,175.90 ","$16,087.95 ","$8,043.98 "
8/6/22 0:00,"$5,383.46 ","$3,727.77 ","$4,431.26 ","$2,587.49 ","$3,799.73 ","$1,217.96 ","$1,329.50 ","$2,794.61 ","$1,579.41 ","$1,559.41 ","$1,976.51 ","$1,832.99 ",$513.85 ,$277.14 ,$319.44 ,$478.12 ,$794.18 ,$270.69 ,$302.63 ,"$35,176.15 ","$17,588.08 ","$8,794.04 "
8/7/22 0:00,"$5,588.32 ","$3,815.20 ","$4,672.63 ","$2,772.60 ","$3,162.17 ","$1,227.67 ","$1,265.97 ","$2,844.78 ","$1,999.48 ","$1,217.88 ","$1,521.66 ","$1,456.38 ",$540.77 ,$201.31 ,$216.27 ,$417.05 ,$588.94 ,$160.43 ,$259.41 ,"$33,928.92 ","$16,964.46 ","$8,482.23 "
8/8/22 0:00,"$5,831.05 ","$3,217.66 ","$4,828.48 ","$2,774.87 ","$3,194.57 ","$1,748.43 ","$1,313.05 ","$2,657.90 ","$1,590.10 ","$1,992.89 ","$1,551.54 ","$1,127.09 ",$396.58 ,$258.36 ,$151.79 ,$540.54 ,$547.92 ,$335.02 ,$157.42 ,"$34,215.26 ","$17,107.63 ","$8,553.81 "
8/9/22 0:00,"$5,628.98 ","$3,973.82 ","$4,852.69 ","$2,030.29 ","$3,882.04 ","$1,812.06 ","$1,924.16 ","$2,058.46 ","$1,610.07 ","$1,880.73 ","$1,757.80 ","$1,371.54 ",$333.44 ,$253.09 ,$348.05 ,$477.76 ,$498.96 ,$326.84 ,$248.68 ,"$35,269.46 ","$17,634.73 ","$8,817.36 "
8/10/22 0:00,"$5,872.65 ","$3,162.36 ","$4,032.78 ","$2,406.95 ","$3,938.96 ","$1,248.05 ","$1,959.67 ","$2,808.46 ","$1,327.73 ","$1,068.18 ","$1,991.23 ","$1,323.17 ",$666.05 ,$238.90 ,$231.22 ,$548.73 ,$667.48 ,$330.24 ,$204.21 ,"$34,027.02 ","$17,013.51 ","$8,506.75 "
8/11/22 0:00,"$5,273.54 ","$3,290.84 ","$4,244.16 ","$2,044.51 ","$3,318.47 ","$1,331.57 ","$1,098.83 ","$2,025.74 ","$1,237.03 ","$1,230.29 ","$1,705.73 ","$1,076.10 ",$405.70 ,$278.53 ,$171.89 ,$510.26 ,$826.58 ,$279.65 ,$262.36 ,"$30,611.78 ","$15,305.89 ","$7,652.94 "
8/12/22 0:00,"$5,798.05 ","$3,179.80 ","$4,339.09 ","$2,247.84 ","$3,842.17 ","$1,631.77 ","$1,735.41 ","$2,387.77 ","$1,508.16 ","$1,642.26 ","$1,807.79 ","$1,823.29 ",$456.70 ,$235.59 ,$297.21 ,$452.06 ,$558.59 ,$156.21 ,$265.73 ,"$34,365.49 ","$17,182.74 ","$8,591.37 "
8/13/22 0:00,"$5,185.64 ","$3,345.51 ","$4,188.73 ","$2,192.88 ","$3,858.86 ","$1,398.43 ","$1,657.76 ","$2,444.17 ","$1,899.79 ","$1,198.80 ","$1,880.83 ","$1,731.35 ",$236.11 ,$254.40 ,$215.01 ,$382.86 ,$503.80 ,$262.37 ,$229.16 ,"$33,066.46 ","$16,533.23 ","$8,266.62 "
8/14/22 0:00,"$5,952.79 ","$3,480.06 ","$4,802.98 ","$2,215.18 ","$3,605.39 ","$1,624.01 ","$1,630.97 ","$2,506.11 ","$1,009.75 ","$1,537.18 ","$1,963.96 ","$1,435.56 ",$234.58 ,$242.79 ,$183.69 ,$479.99 ,$511.44 ,$165.50 ,$300.63 ,"$33,882.56 ","$16,941.28 ","$8,470.64 "
8/15/22 0:00,"$5,687.49 ","$3,522.18 ","$4,767.47 ","$2,339.12 ","$3,566.09 ","$1,496.43 ","$1,032.84 ","$2,255.95 ","$1,569.65 ","$1,165.86 ","$1,588.51 ","$1,701.54 ",$579.03 ,$244.81 ,$173.70 ,$380.25 ,$440.96 ,$166.43 ,$219.77 ,"$32,898.08 ","$16,449.04 ","$8,224.52 "
8/16/22 0:00,"$5,215.51 ","$3,853.61 ","$4,516.83 ","$2,277.42 ","$3,575.84 ","$1,773.65 ","$1,273.45 ","$2,419.07 ","$1,428.51 ","$1,672.71 ","$1,955.71 ","$1,338.71 ",$666.00 ,$248.56 ,$289.51 ,$431.14 ,$506.52 ,$161.14 ,$195.92 ,"$33,799.81 ","$16,899.90 ","$8,449.95 "
8/17/22 0:00,"$5,947.37 ","$3,889.45 ","$4,982.93 ","$2,962.28 ","$3,301.29 ","$1,845.89 ","$1,746.10 ","$2,787.30 ","$1,621.18 ","$1,531.24 ","$1,813.21 ","$1,935.84 ",$518.35 ,$215.62 ,$348.65 ,$448.72 ,$689.89 ,$174.29 ,$275.41 ,"$37,035.01 ","$18,517.50 ","$9,258.75 "
8/18/22 0:00,"$5,730.86 ","$3,220.10 ","$4,144.06 ","$2,352.41 ","$3,618.87 ","$1,863.83 ","$1,495.81 ","$2,271.27 ","$1,839.96 ","$1,969.43 ","$1,902.80 ","$1,500.78 ",$650.02 ,$280.35 ,$228.38 ,$448.93 ,$721.05 ,$255.77 ,$168.85 ,"$34,663.53 ","$17,331.76 ","$8,665.88 "
8/19/22 0:00,"$5,253.94 ","$3,622.89 ","$4,899.65 ","$2,894.17 ","$3,243.58 ","$1,611.53 ","$1,023.89 ","$2,813.25 ","$1,449.04 ","$1,133.81 ","$1,647.78 ","$1,111.20 ",$586.98 ,$229.06 ,$302.75 ,$399.56 ,$587.47 ,$263.37 ,$212.42 ,"$33,286.34 ","$16,643.17 ","$8,321.59 "
8/20/22 0:00,"$5,213.31 ","$3,111.50 ","$4,116.46 ","$2,181.04 ","$3,177.63 ","$1,612.58 ","$1,526.52 ","$2,012.58 ","$1,217.68 ","$1,530.72 ","$1,750.05 ","$1,475.18 ",$264.43 ,$251.63 ,$280.85 ,$354.60 ,$824.64 ,$305.38 ,$230.13 ,"$31,436.91 ","$15,718.46 ","$7,859.23 "
8/21/22 0:00,"$5,518.20 ","$3,458.97 ","$4,163.18 ","$2,763.75 ","$3,412.95 ","$1,449.65 ","$1,847.80 ","$2,142.80 ","$1,376.61 ","$1,311.72 ","$1,604.48 ","$1,360.13 ",$233.33 ,$227.31 ,$234.19 ,$460.66 ,$475.13 ,$306.65 ,$165.13 ,"$32,512.64 ","$16,256.32 ","$8,128.16 "
8/22/22 0:00,"$5,025.66 ","$3,322.33 ","$4,696.22 ","$2,061.35 ","$3,705.78 ","$1,027.61 ","$1,878.42 ","$2,925.30 ","$1,150.55 ","$1,612.69 ","$1,927.30 ","$1,034.10 ",$671.04 ,$285.93 ,$159.79 ,$440.35 ,$722.07 ,$209.64 ,$168.35 ,"$33,024.48 ","$16,512.24 ","$8,256.12 "
8/23/22 0:00,"$5,207.47 ","$3,316.50 ","$4,109.57 ","$2,462.76 ","$3,621.43 ","$1,299.18 ","$1,898.63 ","$2,470.40 ","$1,084.90 ","$1,203.26 ","$1,602.29 ","$1,349.71 ",$280.80 ,$283.17 ,$231.89 ,$362.76 ,$582.32 ,$238.93 ,$258.97 ,"$31,864.94 ","$15,932.47 ","$7,966.24 "
8/24/22 0:00,"$5,424.69 ","$3,482.58 ","$4,565.85 ","$2,005.51 ","$3,964.88 ","$1,063.70 ","$1,527.33 ","$2,050.80 ","$1,375.88 ","$1,925.39 ","$1,774.16 ","$1,976.34 ",$514.58 ,$295.06 ,$155.85 ,$453.52 ,$507.72 ,$251.71 ,$292.46 ,"$33,608.01 ","$16,804.00 ","$8,402.00 "
8/25/22 0:00,"$5,374.17 ","$3,729.83 ","$4,420.23 ","$2,810.29 ","$3,646.46 ","$1,437.79 ","$1,466.97 ","$2,610.44 ","$1,625.70 ","$1,437.92 ","$1,708.96 ","$1,259.65 ",$317.88 ,$236.43 ,$340.45 ,$373.00 ,$487.59 ,$151.05 ,$330.05 ,"$33,764.86 ","$16,882.43 ","$8,441.22 "
8/26/22 0:00,"$5,463.58 ","$3,069.18 ","$4,728.47 ","$2,950.49 ","$3,141.31 ","$1,849.49 ","$1,244.34 ","$2,456.01 ","$1,262.84 ","$1,431.77 ","$1,524.79 ","$1,724.00 ",$457.77 ,$288.70 ,$231.88 ,$548.36 ,$475.43 ,$325.46 ,$327.80 ,"$33,501.67 ","$16,750.84 ","$8,375.42 "
8/27/22 0:00,"$5,277.63 ","$3,879.17 ","$4,900.68 ","$2,035.11 ","$3,161.22 ","$1,596.80 ","$1,866.08 ","$2,088.59 ","$1,915.68 ","$1,786.33 ","$1,706.07 ","$1,154.14 ",$443.76 ,$285.89 ,$265.85 ,$498.01 ,$840.03 ,$249.59 ,$228.33 ,"$34,178.96 ","$17,089.48 ","$8,544.74 "
8/28/22 0:00,"$5,586.78 ","$3,734.81 ","$4,769.87 ","$2,933.85 ","$3,093.07 ","$1,675.53 ","$1,799.86 ","$2,347.96 ","$1,688.95 ","$1,907.52 ","$1,892.20 ","$1,169.32 ",$559.36 ,$257.38 ,$338.15 ,$422.77 ,$575.24 ,$265.82 ,$273.53 ,"$35,291.97 ","$17,645.98 ","$8,822.99 "
8/29/22 0:00,"$5,863.86 ","$3,176.50 ","$4,849.69 ","$2,773.85 ","$3,191.17 ","$1,188.01 ","$1,863.57 ","$2,614.43 ","$1,686.31 ","$1,493.97 ","$1,764.47 ","$1,296.49 ",$610.27 ,$214.76 ,$265.20 ,$517.95 ,$673.66 ,$196.37 ,$172.46 ,"$34,412.99 ","$17,206.50 ","$8,603.25 "
8/30/22 0:00,"$5,117.53 ","$3,939.16 ","$4,032.95 ","$2,358.86 ","$3,597.95 ","$1,261.95 ","$1,225.94 ","$2,627.71 ","$1,691.71 ","$1,771.29 ","$1,652.40 ","$1,014.61 ",$699.43 ,$270.41 ,$184.47 ,$370.44 ,$594.57 ,$305.21 ,$167.79 ,"$32,884.38 ","$16,442.19 ","$8,221.09 "
8/31/22 0:00,"$5,517.38 ","$3,506.31 ","$4,310.20 ","$2,908.88 ","$3,838.29 ","$1,163.13 ","$1,097.90 ","$2,886.90 ","$1,001.68 ","$1,143.94 ","$1,722.71 ","$1,483.65 ",$304.26 ,$294.48 ,$340.32 ,$525.56 ,$764.93 ,$222.28 ,$202.21 ,"$33,235.01 ","$16,617.50 ","$8,308.75 "
9/1/22 0:00,"$5,132.07 ","$3,999.81 ","$4,515.43 ","$2,296.26 ","$3,893.87 ","$1,842.69 ","$1,698.45 ","$2,492.51 ","$1,813.01 ","$1,252.41 ","$1,887.13 ","$1,969.83 ",$418.33 ,$281.93 ,$187.59 ,$481.77 ,$741.36 ,$286.87 ,$283.52 ,"$35,474.84 ","$17,737.42 ","$8,868.71 "
9/2/22 0:00,"$5,716.86 ","$3,197.26 ","$4,415.95 ","$2,409.30 ","$3,400.04 ","$1,280.31 ","$1,913.15 ","$2,104.74 ","$1,917.61 ","$1,692.99 ","$1,834.08 ","$1,281.53 ",$388.00 ,$207.65 ,$175.63 ,$366.32 ,$421.03 ,$253.16 ,$173.67 ,"$33,149.28 ","$16,574.64 ","$8,287.32 "
9/3/22 0:00,"$5,396.06 ","$3,534.91 ","$4,231.25 ","$2,096.71 ","$3,558.58 ","$1,562.33 ","$1,916.58 ","$2,113.55 ","$1,019.40 ","$1,926.75 ","$1,555.45 ","$1,669.83 ",$216.90 ,$202.25 ,$222.49 ,$437.49 ,$688.62 ,$318.86 ,$215.43 ,"$32,883.44 ","$16,441.72 ","$8,220.86 "
9/4/22 0:00,"$5,565.42 ","$3,290.25 ","$4,307.87 ","$2,656.94 ","$3,809.20 ","$1,141.13 ","$1,528.63 ","$2,416.80 ","$1,598.29 ","$1,117.21 ","$1,765.62 ","$1,844.28 ",$318.41 ,$246.06 ,$236.97 ,$469.35 ,$835.97 ,$256.34 ,$349.19 ,"$33,753.93 ","$16,876.96 ","$8,438.48 "
9/5/22 0:00,"$5,183.28 ","$3,304.17 ","$4,945.43 ","$2,029.60 ","$3,312.07 ","$1,123.99 ","$1,642.11 ","$2,185.32 ","$1,676.58 ","$1,134.39 ","$1,599.35 ","$1,939.46 ",$473.22 ,$291.30 ,$345.47 ,$474.75 ,$782.69 ,$318.72 ,$199.66 ,"$32,961.56 ","$16,480.78 ","$8,240.39 "
9/6/22 0:00,"$5,144.85 ","$3,591.07 ","$4,294.18 ","$2,484.91 ","$3,595.67 ","$1,347.58 ","$1,112.08 ","$2,920.95 ","$1,196.24 ","$1,975.23 ","$1,989.20 ","$1,025.33 ",$638.47 ,$272.24 ,$260.81 ,$497.40 ,$533.05 ,$215.96 ,$301.75 ,"$33,396.97 ","$16,698.49 ","$8,349.24 "
9/7/22 0:00,"$5,488.06 ","$3,921.72 ","$4,353.90 ","$2,683.19 ","$3,174.08 ","$1,330.35 ","$1,275.29 ","$2,212.08 ","$1,838.21 ","$1,091.24 ","$1,869.31 ","$1,845.12 ",$356.90 ,$299.94 ,$311.17 ,$481.82 ,$674.92 ,$220.02 ,$161.90 ,"$33,589.22 ","$16,794.61 ","$8,397.30 "
9/8/22 0:00,"$5,355.61 ","$3,805.26 ","$4,003.71 ","$2,821.24 ","$3,476.54 ","$1,328.85 ","$1,537.75 ","$2,376.37 ","$1,625.83 ","$1,042.90 ","$1,540.50 ","$1,081.40 ",$550.71 ,$262.73 ,$303.80 ,$478.74 ,$602.66 ,$291.70 ,$292.54 ,"$32,778.84 ","$16,389.42 ","$8,194.71 "
9/9/22 0:00,"$5,940.43 ","$3,723.94 ","$4,845.08 ","$2,149.94 ","$3,173.07 ","$1,600.93 ","$1,880.77 ","$2,512.38 ","$1,225.06 ","$1,531.75 ","$1,624.11 ","$1,313.39 ",$670.05 ,$288.22 ,$230.45 ,$514.09 ,$663.06 ,$288.31 ,$233.70 ,"$34,408.73 ","$17,204.36 ","$8,602.18 "
9/10/22 0:00,"$5,765.33 ","$3,559.17 ","$4,154.84 ","$2,754.09 ","$3,462.43 ","$1,315.99 ","$1,484.14 ","$2,330.40 ","$1,967.19 ","$1,224.41 ","$1,539.06 ","$1,742.65 ",$289.68 ,$281.20 ,$164.93 ,$354.11 ,$652.80 ,$172.24 ,$281.51 ,"$33,496.17 ","$16,748.09 ","$8,374.04 "
9/11/22 0:00,"$5,748.66 ","$3,922.30 ","$4,204.14 ","$2,719.08 ","$3,396.82 ","$1,768.74 ","$1,592.71 ","$2,664.60 ","$1,215.87 ","$1,297.63 ","$1,685.05 ","$1,368.24 ",$254.29 ,$253.86 ,$173.95 ,$541.94 ,$729.95 ,$211.80 ,$154.11 ,"$33,903.74 ","$16,951.87 ","$8,475.94 "
9/12/22 0:00,"$5,903.72 ","$3,492.36 ","$4,255.26 ","$2,559.57 ","$3,433.26 ","$1,090.67 ","$1,055.54 ","$2,605.26 ","$1,678.59 ","$1,617.89 ","$1,911.34 ","$1,056.52 ",$693.27 ,$209.05 ,$348.54 ,$436.05 ,$544.37 ,$175.74 ,$302.85 ,"$33,369.85 ","$16,684.92 ","$8,342.46 "
9/13/22 0:00,"$5,083.42 ","$3,873.83 ","$4,884.62 ","$2,584.64 ","$3,243.71 ","$1,324.79 ","$1,964.65 ","$2,939.37 ","$1,473.89 ","$1,351.25 ","$1,533.38 ","$1,743.25 ",$225.01 ,$213.08 ,$321.99 ,$406.88 ,$594.54 ,$196.65 ,$182.87 ,"$34,141.82 ","$17,070.91 ","$8,535.46 "
9/14/22 0:00,"$5,552.19 ","$3,833.98 ","$4,206.45 ","$2,091.27 ","$3,136.04 ","$1,669.19 ","$1,492.43 ","$2,831.96 ","$1,723.28 ","$1,995.65 ","$1,582.68 ","$1,556.77 ",$340.50 ,$281.55 ,$219.14 ,$447.92 ,$660.60 ,$224.41 ,$200.16 ,"$34,046.17 ","$17,023.09 ","$8,511.54 "
9/15/22 0:00,"$5,584.48 ","$3,213.84 ","$4,797.53 ","$2,600.47 ","$3,275.67 ","$1,602.93 ","$1,160.27 ","$2,602.96 ","$1,097.76 ","$1,228.22 ","$1,633.72 ","$1,465.26 ",$634.67 ,$236.94 ,$316.56 ,$538.06 ,$403.64 ,$346.06 ,$292.90 ,"$33,031.94 ","$16,515.97 ","$8,257.98 "
9/16/22 0:00,"$5,961.94 ","$3,771.23 ","$4,808.05 ","$2,381.52 ","$3,239.58 ","$1,119.52 ","$1,338.97 ","$2,446.71 ","$1,952.55 ","$1,865.28 ","$1,812.04 ","$1,413.56 ",$337.71 ,$260.26 ,$329.97 ,$533.78 ,$522.25 ,$224.24 ,$271.53 ,"$34,590.69 ","$17,295.34 ","$8,647.67 "
9/17/22 0:00,"$5,292.15 ","$3,012.17 ","$4,927.02 ","$2,867.58 ","$3,734.30 ","$1,439.47 ","$1,513.31 ","$2,614.77 ","$1,204.49 ","$1,875.22 ","$1,987.34 ","$1,628.16 ",$287.77 ,$229.17 ,$334.68 ,$513.54 ,$618.77 ,$239.42 ,$200.88 ,"$34,520.21 ","$17,260.10 ","$8,630.05 "
9/18/22 0:00,"$5,240.83 ","$3,322.83 ","$4,115.56 ","$2,313.10 ","$3,716.98 ","$1,309.22 ","$1,138.51 ","$2,623.07 ","$1,220.38 ","$1,437.59 ","$1,911.37 ","$1,917.05 ",$590.92 ,$289.15 ,$325.04 ,$394.65 ,$481.23 ,$165.28 ,$318.74 ,"$32,831.50 ","$16,415.75 ","$8,207.88 "
9/19/22 0:00,"$5,100.29 ","$3,229.57 ","$4,217.28 ","$2,576.60 ","$3,584.48 ","$1,631.87 ","$1,196.65 ","$2,269.58 ","$1,554.03 ","$1,997.34 ","$1,600.46 ","$1,420.46 ",$562.85 ,$291.60 ,$187.24 ,$407.19 ,$723.58 ,$224.25 ,$161.31 ,"$32,936.63 ","$16,468.31 ","$8,234.16 "
9/20/22 0:00,"$5,016.43 ","$3,506.86 ","$4,742.90 ","$2,426.57 ","$3,091.33 ","$1,129.87 ","$1,915.90 ","$2,178.02 ","$1,349.73 ","$1,282.80 ","$1,855.03 ","$1,387.61 ",$253.89 ,$295.57 ,$308.69 ,$515.80 ,$447.35 ,$210.53 ,$191.54 ,"$32,106.42 ","$16,053.21 ","$8,026.60 "
9/21/22 0:00,"$5,929.53 ","$3,736.85 ","$4,196.00 ","$2,876.26 ","$3,566.26 ","$1,670.57 ","$1,872.55 ","$2,519.01 ","$1,442.13 ","$1,091.06 ","$1,778.19 ","$1,361.27 ",$450.90 ,$292.86 ,$161.13 ,$480.44 ,$725.28 ,$223.19 ,$185.82 ,"$34,559.30 ","$17,279.65 ","$8,639.83 "
9/22/22 0:00,"$5,669.92 ","$3,097.68 ","$4,286.33 ","$2,253.92 ","$3,079.24 ","$1,463.83 ","$1,122.30 ","$2,307.26 ","$1,037.10 ","$1,567.19 ","$1,745.81 ","$1,199.19 ",$646.74 ,$256.40 ,$311.31 ,$399.19 ,$770.00 ,$173.71 ,$158.69 ,"$31,545.81 ","$15,772.90 ","$7,886.45 "
9/23/22 0:00,"$5,785.15 ","$3,514.92 ","$4,166.74 ","$2,078.80 ","$3,018.17 ","$1,274.89 ","$1,279.00 ","$2,385.23 ","$1,234.88 ","$1,007.47 ","$1,954.19 ","$1,832.76 ",$412.03 ,$260.19 ,$265.38 ,$523.82 ,$708.52 ,$281.38 ,$269.73 ,"$32,253.25 ","$16,126.62 ","$8,063.31 "
9/24/22 0:00,"$5,281.73 ","$3,938.41 ","$4,172.70 ","$2,748.66 ","$3,352.60 ","$1,747.44 ","$1,635.58 ","$2,001.66 ","$1,773.53 ","$1,474.16 ","$1,794.06 ","$1,230.16 ",$311.09 ,$296.22 ,$296.99 ,$530.83 ,$812.77 ,$165.53 ,$345.31 ,"$33,909.43 ","$16,954.71 ","$8,477.36 "
9/25/22 0:00,"$5,586.41 ","$3,228.65 ","$4,481.55 ","$2,412.90 ","$3,240.54 ","$1,187.91 ","$1,259.75 ","$2,681.68 ","$1,902.22 ","$1,836.80 ","$1,568.60 ","$1,554.41 ",$547.19 ,$237.26 ,$259.94 ,$476.98 ,$720.25 ,$289.25 ,$328.48 ,"$33,800.77 ","$16,900.38 ","$8,450.19 "
9/26/22 0:00,"$5,063.96 ","$3,677.14 ","$4,109.68 ","$2,589.10 ","$3,594.65 ","$1,152.24 ","$1,002.08 ","$2,058.02 ","$1,233.48 ","$1,419.71 ","$1,582.48 ","$1,781.34 ",$313.97 ,$263.08 ,$269.50 ,$546.93 ,$499.53 ,$197.19 ,$282.21 ,"$31,636.29 ","$15,818.15 ","$7,909.07 "
9/27/22 0:00,"$5,485.63 ","$3,592.88 ","$4,321.70 ","$2,026.39 ","$3,928.64 ","$1,015.36 ","$1,701.21 ","$2,735.47 ","$1,773.35 ","$1,203.99 ","$1,960.99 ","$1,025.79 ",$653.98 ,$243.97 ,$157.40 ,$460.31 ,$769.90 ,$289.37 ,$198.27 ,"$33,544.60 ","$16,772.30 ","$8,386.15 "
9/28/22 0:00,"$5,977.50 ","$3,010.06 ","$4,426.59 ","$2,952.11 ","$3,719.85 ","$1,861.30 ","$1,193.08 ","$2,207.96 ","$1,028.95 ","$1,255.66 ","$1,540.10 ","$1,503.51 ",$409.41 ,$234.47 ,$156.29 ,$521.63 ,$509.48 ,$239.70 ,$301.45 ,"$33,049.10 ","$16,524.55 ","$8,262.28 "
9/29/22 0:00,"$5,876.51 ","$3,475.83 ","$4,024.55 ","$2,877.62 ","$3,767.36 ","$1,492.37 ","$1,324.96 ","$2,164.76 ","$1,044.72 ","$1,913.81 ","$1,568.96 ","$1,402.22 ",$443.89 ,$292.94 ,$312.43 ,$410.64 ,$774.19 ,$342.09 ,$335.46 ,"$33,845.31 ","$16,922.66 ","$8,461.33 "
9/30/22 0:00,"$5,338.16 ","$3,708.77 ","$4,388.33 ","$2,623.87 ","$3,950.89 ","$1,516.72 ","$1,283.94 ","$2,600.56 ","$1,393.01 ","$1,662.21 ","$1,826.56 ","$1,072.78 ",$547.25 ,$256.96 ,$208.21 ,$540.41 ,$664.98 ,$227.96 ,$284.72 ,"$34,096.29 ","$17,048.14 ","$8,524.07 "
10/1/22 0:00,"$5,961.57 ","$3,043.98 ","$4,094.12 ","$2,017.03 ","$3,634.09 ","$1,114.76 ","$1,152.37 ","$2,983.47 ","$1,147.91 ","$1,161.31 ","$1,612.17 ","$1,818.72 ",$379.76 ,$246.51 ,$311.44 ,$422.43 ,$630.69 ,$313.58 ,$301.08 ,"$32,346.99 ","$16,173.50 ","$8,086.75 "
10/2/22 0:00,"$5,231.70 ","$3,879.52 ","$4,493.58 ","$2,377.98 ","$3,577.73 ","$1,107.78 ","$1,135.69 ","$2,422.07 ","$1,166.14 ","$1,463.19 ","$1,913.05 ","$1,402.99 ",$671.02 ,$205.41 ,$290.70 ,$369.91 ,$660.54 ,$337.83 ,$308.56 ,"$33,015.39 ","$16,507.70 ","$8,253.85 "
10/3/22 0:00,"$5,949.32 ","$3,520.08 ","$4,825.74 ","$2,978.80 ","$3,601.87 ","$1,333.78 ","$1,144.91 ","$2,869.32 ","$1,627.40 ","$1,614.59 ","$1,708.00 ","$1,372.70 ",$336.45 ,$215.55 ,$262.99 ,$381.03 ,$577.12 ,$157.47 ,$276.04 ,"$34,753.16 ","$17,376.58 ","$8,688.29 "
10/4/22 0:00,"$5,941.38 ","$3,030.66 ","$4,818.42 ","$2,681.33 ","$3,865.81 ","$1,516.23 ","$1,967.49 ","$2,061.84 ","$1,858.16 ","$1,505.14 ","$1,741.20 ","$1,673.42 ",$682.87 ,$254.07 ,$170.99 ,$476.69 ,$521.71 ,$269.93 ,$244.43 ,"$35,281.77 ","$17,640.89 ","$8,820.44 "
10/5/22 0:00,"$5,799.20 ","$3,224.41 ","$4,080.45 ","$2,160.99 ","$3,388.10 ","$1,700.87 ","$1,726.85 ","$2,508.67 ","$1,778.97 ","$1,785.09 ","$1,564.32 ","$1,443.48 ",$394.10 ,$299.46 ,$163.21 ,$501.44 ,$607.18 ,$201.97 ,$254.65 ,"$33,583.41 ","$16,791.70 ","$8,395.85 "
10/6/22 0:00,"$5,630.45 ","$3,953.68 ","$4,601.23 ","$2,460.60 ","$3,795.34 ","$1,499.27 ","$1,940.08 ","$2,681.77 ","$1,336.49 ","$1,006.29 ","$1,514.08 ","$1,372.08 ",$590.15 ,$245.94 ,$226.80 ,$360.95 ,$462.13 ,$196.85 ,$335.66 ,"$34,209.84 ","$17,104.92 ","$8,552.46 "
10/7/22 0:00,"$5,874.29 ","$3,582.32 ","$4,834.59 ","$2,966.74 ","$3,652.26 ","$1,831.56 ","$1,571.54 ","$2,375.39 ","$1,875.22 ","$1,281.06 ","$1,879.62 ","$1,562.44 ",$604.99 ,$262.52 ,$335.05 ,$443.90 ,$678.84 ,$252.30 ,$345.66 ,"$36,210.29 ","$18,105.15 ","$9,052.57 "
10/8/22 0:00,"$5,293.02 ","$3,107.47 ","$4,237.97 ","$2,534.71 ","$3,304.57 ","$1,377.39 ","$1,331.01 ","$2,129.47 ","$1,841.35 ","$1,574.59 ","$1,536.99 ","$1,361.24 ",$510.52 ,$285.17 ,$195.25 ,$506.84 ,$646.09 ,$338.16 ,$318.37 ,"$32,430.18 ","$16,215.09 ","$8,107.54 "
10/9/22 0:00,"$5,848.94 ","$3,287.54 ","$4,761.93 ","$2,024.61 ","$3,013.69 ","$1,028.09 ","$1,163.93 ","$2,015.41 ","$1,524.21 ","$1,538.90 ","$1,820.08 ","$1,753.64 ",$605.94 ,$291.84 ,$234.45 ,$455.40 ,$702.89 ,$162.38 ,$221.41 ,"$32,455.28 ","$16,227.64 ","$8,113.82 "
10/10/22 0:00,"$5,617.88 ","$3,456.70 ","$4,890.76 ","$2,619.77 ","$3,209.92 ","$1,426.15 ","$1,483.36 ","$2,386.74 ","$1,475.88 ","$1,104.08 ","$1,768.77 ","$1,758.29 ",$495.37 ,$236.61 ,$278.34 ,$433.77 ,$687.22 ,$341.83 ,$259.27 ,"$33,930.71 ","$16,965.36 ","$8,482.68 "
10/11/22 0:00,"$5,013.24 ","$3,020.95 ","$4,806.12 ","$2,271.22 ","$3,699.99 ","$1,085.00 ","$1,493.40 ","$2,742.74 ","$1,058.46 ","$1,175.22 ","$1,759.25 ","$1,755.04 ",$501.17 ,$216.36 ,$249.34 ,$385.39 ,$815.78 ,$311.32 ,$163.84 ,"$32,523.83 ","$16,261.91 ","$8,130.96 "
10/12/22 0:00,"$5,347.23 ","$3,411.62 ","$4,107.30 ","$2,098.85 ","$3,579.69 ","$1,322.05 ","$1,777.47 ","$2,990.55 ","$1,150.53 ","$1,752.96 ","$1,649.84 ","$1,790.35 ",$270.34 ,$297.13 ,$155.02 ,$372.73 ,$632.72 ,$330.04 ,$197.55 ,"$33,233.97 ","$16,616.98 ","$8,308.49 "
10/13/22 0:00,"$5,148.14 ","$3,489.46 ","$4,009.06 ","$2,402.91 ","$3,274.59 ","$1,985.15 ","$1,528.44 ","$2,463.07 ","$1,085.41 ","$1,534.79 ","$1,878.01 ","$1,543.47 ",$645.23 ,$252.75 ,$289.06 ,$416.61 ,$405.61 ,$160.07 ,$321.37 ,"$32,833.20 ","$16,416.60 ","$8,208.30 "
10/14/22 0:00,"$5,981.83 ","$3,243.68 ","$4,191.72 ","$2,558.52 ","$3,434.30 ","$1,857.35 ","$1,194.85 ","$2,294.92 ","$1,526.77 ","$1,639.97 ","$1,700.31 ","$1,820.07 ",$277.00 ,$288.58 ,$333.68 ,$406.99 ,$796.15 ,$210.15 ,$159.88 ,"$33,916.72 ","$16,958.36 ","$8,479.18 "
10/15/22 0:00,"$5,478.37 ","$3,588.64 ","$4,270.48 ","$2,017.04 ","$3,661.15 ","$1,236.46 ","$1,814.19 ","$2,346.67 ","$1,676.64 ","$1,816.75 ","$1,575.63 ","$1,268.48 ",$452.68 ,$229.85 ,$269.94 ,$423.55 ,$454.44 ,$174.45 ,$272.80 ,"$33,028.21 ","$16,514.10 ","$8,257.05 "
10/16/22 0:00,"$5,497.39 ","$3,753.24 ","$4,616.18 ","$2,559.05 ","$3,127.09 ","$1,375.96 ","$1,147.92 ","$2,091.93 ","$1,618.78 ","$1,583.83 ","$1,528.02 ","$1,914.39 ",$359.17 ,$208.87 ,$266.08 ,$365.24 ,$728.14 ,$230.31 ,$265.69 ,"$33,237.28 ","$16,618.64 ","$8,309.32 "
10/17/22 0:00,"$5,639.47 ","$3,235.83 ","$4,384.27 ","$2,511.20 ","$3,432.28 ","$1,431.17 ","$1,528.91 ","$2,450.11 ","$1,872.89 ","$1,313.95 ","$1,671.27 ","$1,402.04 ",$344.26 ,$287.84 ,$317.06 ,$395.20 ,$488.84 ,$184.71 ,$154.98 ,"$33,046.28 ","$16,523.14 ","$8,261.57 "
10/18/22 0:00,"$5,368.58 ","$3,620.50 ","$4,703.41 ","$2,793.91 ","$3,416.62 ","$1,763.87 ","$1,042.47 ","$2,627.13 ","$1,658.70 ","$1,523.25 ","$1,804.03 ","$1,530.22 ",$284.82 ,$241.66 ,$316.57 ,$453.06 ,$455.48 ,$163.83 ,$177.24 ,"$33,945.35 ","$16,972.68 ","$8,486.34 "
10/19/22 0:00,"$5,136.90 ","$3,639.62 ","$4,353.07 ","$2,423.55 ","$3,542.60 ","$1,033.46 ","$1,369.18 ","$2,623.58 ","$1,829.71 ","$1,130.39 ","$1,610.16 ","$1,166.25 ",$473.90 ,$244.06 ,$187.35 ,$548.32 ,$829.64 ,$279.39 ,$268.05 ,"$32,689.18 ","$16,344.59 ","$8,172.29 "
10/20/22 0:00,"$5,822.12 ","$3,948.54 ","$4,154.43 ","$2,553.45 ","$3,521.91 ","$1,038.62 ","$1,671.87 ","$2,012.77 ","$1,140.43 ","$1,272.08 ","$1,871.10 ","$1,035.04 ",$622.27 ,$298.35 ,$234.46 ,$433.15 ,$416.07 ,$256.80 ,$257.48 ,"$32,560.94 ","$16,280.47 ","$8,140.24 "
10/21/22 0:00,"$5,189.85 ","$3,778.28 ","$4,312.69 ","$2,742.01 ","$3,367.73 ","$1,117.12 ","$1,138.71 ","$2,633.73 ","$1,171.65 ","$1,655.13 ","$1,554.36 ","$1,091.75 ",$448.46 ,$240.88 ,$313.85 ,$432.62 ,$413.59 ,$326.39 ,$156.07 ,"$32,084.87 ","$16,042.44 ","$8,021.22 "
10/22/22 0:00,"$5,511.32 ","$3,848.35 ","$4,884.32 ","$2,897.15 ","$3,762.73 ","$1,628.32 ","$1,524.88 ","$2,665.69 ","$1,918.41 ","$1,041.11 ","$1,735.98 ","$1,002.18 ",$379.95 ,$257.37 ,$296.97 ,$406.82 ,$601.75 ,$181.21 ,$253.21 ,"$34,797.72 ","$17,398.86 ","$8,699.43 "
10/23/22 0:00,"$5,224.32 ","$3,490.42 ","$4,958.53 ","$2,380.03 ","$3,067.23 ","$1,414.55 ","$1,538.84 ","$2,502.02 ","$1,354.70 ","$1,000.85 ","$1,768.35 ","$1,770.63 ",$663.56 ,$273.73 ,$318.88 ,$461.54 ,$663.57 ,$219.58 ,$154.35 ,"$33,225.68 ","$16,612.84 ","$8,306.42 "
10/24/22 0:00,"$5,097.84 ","$3,185.35 ","$4,207.51 ","$2,601.63 ","$3,035.54 ","$1,848.93 ","$1,909.36 ","$2,944.88 ","$1,217.00 ","$1,887.07 ","$1,910.51 ","$1,759.63 ",$266.92 ,$222.52 ,$175.89 ,$521.97 ,$479.47 ,$266.54 ,$208.21 ,"$33,746.77 ","$16,873.39 ","$8,436.69 "
10/25/22 0:00,"$5,862.19 ","$3,995.82 ","$4,788.47 ","$2,694.61 ","$3,420.26 ","$1,284.06 ","$1,466.63 ","$2,258.04 ","$1,912.07 ","$1,964.33 ","$1,558.97 ","$1,416.76 ",$440.16 ,$226.97 ,$237.89 ,$483.88 ,$726.11 ,$166.19 ,$199.04 ,"$35,102.45 ","$17,551.23 ","$8,775.61 "
10/26/22 0:00,"$5,972.92 ","$3,129.36 ","$4,273.35 ","$2,043.27 ","$3,896.69 ","$1,489.25 ","$1,078.35 ","$2,851.92 ","$1,970.10 ","$1,905.61 ","$1,500.84 ","$1,608.63 ",$580.71 ,$273.88 ,$291.79 ,$549.74 ,$822.64 ,$328.45 ,$165.06 ,"$34,732.56 ","$17,366.28 ","$8,683.14 "
10/27/22 0:00,"$5,960.83 ","$3,471.46 ","$4,887.13 ","$2,800.76 ","$3,277.57 ","$1,706.79 ","$1,145.94 ","$2,174.22 ","$1,637.77 ","$1,215.46 ","$1,766.85 ","$1,150.04 ",$648.96 ,$280.71 ,$296.03 ,$539.06 ,$624.32 ,$343.18 ,$284.74 ,"$34,211.82 ","$17,105.91 ","$8,552.95 "
10/28/22 0:00,"$5,906.56 ","$3,068.09 ","$4,165.55 ","$2,377.43 ","$3,172.31 ","$1,545.20 ","$1,275.61 ","$2,261.96 ","$1,388.34 ","$1,754.66 ","$1,575.36 ","$1,844.55 ",$663.89 ,$220.06 ,$164.36 ,$518.67 ,$454.79 ,$257.64 ,$235.79 ,"$32,850.82 ","$16,425.41 ","$8,212.70 "
10/29/22 0:00,"$5,774.05 ","$3,943.85 ","$4,665.96 ","$2,670.24 ","$3,928.21 ","$1,316.80 ","$1,798.95 ","$2,204.90 ","$1,688.39 ","$1,456.47 ","$1,785.85 ","$1,621.07 ",$256.00 ,$230.87 ,$292.39 ,$358.35 ,$779.57 ,$315.58 ,$199.47 ,"$35,286.97 ","$17,643.48 ","$8,821.74 "
10/30/22 0:00,"$5,333.15 ","$3,964.92 ","$4,084.21 ","$2,471.66 ","$3,168.22 ","$1,152.54 ","$1,255.11 ","$2,885.32 ","$1,015.56 ","$1,070.94 ","$1,516.45 ","$1,352.37 ",$470.27 ,$200.87 ,$275.25 ,$500.95 ,$824.31 ,$248.34 ,$203.76 ,"$31,994.20 ","$15,997.10 ","$7,998.55 "
10/31/22 0:00,"$5,081.10 ","$3,719.39 ","$4,973.89 ","$2,702.34 ","$3,374.84 ","$1,540.60 ","$1,609.43 ","$2,793.53 ","$1,144.71 ","$1,794.99 ","$1,745.34 ","$1,856.29 ",$305.76 ,$238.48 ,$219.78 ,$473.18 ,$774.77 ,$169.13 ,$332.08 ,"$34,849.63 ","$17,424.81 ","$8,712.41 "
11/1/22 0:00,"$5,407.24 ","$3,349.99 ","$4,700.63 ","$2,724.33 ","$3,729.02 ","$1,142.16 ","$1,078.38 ","$2,450.48 ","$1,368.71 ","$1,808.17 ","$1,695.37 ","$1,710.63 ",$288.58 ,$290.11 ,$210.82 ,$499.16 ,$654.11 ,$230.38 ,$260.04 ,"$33,598.31 ","$16,799.16 ","$8,399.58 "
11/2/22 0:00,"$5,232.23 ","$3,254.38 ","$4,841.82 ","$2,191.57 ","$3,260.92 ","$1,939.30 ","$1,202.15 ","$2,378.02 ","$1,832.22 ","$1,721.98 ","$1,578.12 ","$1,418.28 ",$632.80 ,$240.13 ,$155.80 ,$545.49 ,$777.89 ,$255.11 ,$200.74 ,"$33,658.95 ","$16,829.47 ","$8,414.74 "
11/3/22 0:00,"$5,132.49 ","$3,265.30 ","$4,566.67 ","$2,662.17 ","$3,229.85 ","$1,539.89 ","$1,619.14 ","$2,012.90 ","$1,304.32 ","$1,996.55 ","$1,733.92 ","$1,363.12 ",$384.54 ,$275.90 ,$228.40 ,$394.09 ,$569.60 ,$296.47 ,$252.59 ,"$32,827.91 ","$16,413.95 ","$8,206.98 "
11/4/22 0:00,"$5,053.43 ","$3,127.29 ","$4,476.80 ","$2,851.32 ","$3,397.67 ","$1,174.92 ","$1,098.14 ","$2,701.94 ","$1,057.87 ","$1,992.12 ","$1,738.58 ","$1,201.52 ",$253.03 ,$205.74 ,$211.40 ,$422.28 ,$624.85 ,$177.06 ,$225.74 ,"$31,991.70 ","$15,995.85 ","$7,997.92 "
11/5/22 0:00,"$5,725.59 ","$3,525.81 ","$4,621.88 ","$2,235.57 ","$3,787.36 ","$1,720.64 ","$1,715.54 ","$2,964.94 ","$1,378.74 ","$1,179.42 ","$1,533.94 ","$1,174.79 ",$309.13 ,$258.79 ,$236.30 ,$460.52 ,$436.59 ,$238.05 ,$329.07 ,"$33,832.67 ","$16,916.34 ","$8,458.17 "
11/6/22 0:00,"$5,011.43 ","$3,141.82 ","$4,528.74 ","$2,758.18 ","$3,910.98 ","$1,103.55 ","$1,449.10 ","$2,778.52 ","$1,241.25 ","$1,795.41 ","$1,838.45 ","$1,451.48 ",$390.45 ,$295.40 ,$291.75 ,$417.22 ,$545.87 ,$289.13 ,$195.44 ,"$33,434.17 ","$16,717.09 ","$8,358.54 "
11/7/22 0:00,"$5,770.58 ","$3,316.73 ","$4,469.38 ","$2,633.83 ","$3,031.29 ","$1,771.64 ","$1,279.58 ","$2,233.08 ","$1,056.06 ","$1,659.82 ","$1,956.85 ","$1,369.98 ",$524.83 ,$298.44 ,$179.10 ,$522.92 ,$812.04 ,$276.58 ,$183.03 ,"$33,345.76 ","$16,672.88 ","$8,336.44 "
11/8/22 0:00,"$5,146.95 ","$3,626.71 ","$4,759.45 ","$2,955.13 ","$3,165.11 ","$1,457.29 ","$1,873.90 ","$2,264.50 ","$1,398.92 ","$1,726.47 ","$1,806.72 ","$1,061.39 ",$512.11 ,$257.84 ,$245.99 ,$458.51 ,$784.05 ,$166.81 ,$329.48 ,"$33,997.33 ","$16,998.67 ","$8,499.33 "
11/9/22 0:00,"$5,079.52 ","$3,727.54 ","$4,178.20 ","$2,260.25 ","$3,958.60 ","$1,132.66 ","$1,673.16 ","$2,422.80 ","$1,351.42 ","$1,990.90 ","$1,813.60 ","$1,310.15 ",$662.25 ,$201.43 ,$308.57 ,$351.05 ,$667.37 ,$217.29 ,$191.79 ,"$33,498.55 ","$16,749.28 ","$8,374.64 "
11/10/22 0:00,"$5,089.60 ","$3,024.27 ","$4,171.17 ","$2,154.28 ","$3,592.79 ","$1,037.21 ","$1,064.18 ","$2,407.73 ","$1,733.84 ","$1,836.62 ","$1,874.20 ","$1,133.74 ",$357.65 ,$283.99 ,$199.73 ,$532.20 ,$807.41 ,$159.57 ,$150.45 ,"$31,610.63 ","$15,805.32 ","$7,902.66 "
11/11/22 0:00,"$5,672.05 ","$3,430.12 ","$4,431.84 ","$2,312.12 ","$3,551.41 ","$1,993.38 ","$1,670.20 ","$2,232.34 ","$1,063.20 ","$1,391.52 ","$1,968.04 ","$1,802.08 ",$398.56 ,$273.47 ,$322.74 ,$454.44 ,$592.12 ,$179.92 ,$249.76 ,"$33,989.31 ","$16,994.66 ","$8,497.33 "
11/12/22 0:00,"$5,245.37 ","$3,652.12 ","$4,320.75 ","$2,257.96 ","$3,813.54 ","$1,274.37 ","$1,198.38 ","$2,791.62 ","$1,379.05 ","$1,937.47 ","$1,991.24 ","$1,478.22 ",$341.54 ,$202.47 ,$336.59 ,$487.21 ,$821.92 ,$191.81 ,$329.83 ,"$34,051.46 ","$17,025.73 ","$8,512.87 "
11/13/22 0:00,"$5,420.54 ","$3,853.25 ","$4,074.12 ","$2,756.83 ","$3,039.78 ","$1,952.25 ","$1,920.26 ","$2,786.09 ","$1,342.43 ","$1,875.17 ","$1,746.34 ","$1,184.15 ",$258.30 ,$275.67 ,$172.57 ,$451.74 ,$825.64 ,$233.04 ,$185.71 ,"$34,353.88 ","$17,176.94 ","$8,588.47 "
11/14/22 0:00,"$5,557.37 ","$3,475.32 ","$4,844.47 ","$2,733.11 ","$3,013.84 ","$1,501.84 ","$1,153.73 ","$2,706.47 ","$1,646.82 ","$1,706.23 ","$1,972.50 ","$1,161.43 ",$680.48 ,$271.95 ,$173.14 ,$472.82 ,$656.49 ,$250.17 ,$316.83 ,"$34,295.01 ","$17,147.50 ","$8,573.75 "
11/15/22 0:00,"$5,860.55 ","$3,969.21 ","$4,771.60 ","$2,669.68 ","$3,967.49 ","$1,503.02 ","$1,616.69 ","$2,004.96 ","$1,887.92 ","$1,936.96 ","$1,679.62 ","$1,818.63 ",$248.02 ,$209.66 ,$279.04 ,$546.20 ,$422.59 ,$314.58 ,$340.71 ,"$36,047.13 ","$18,023.56 ","$9,011.78 "
11/16/22 0:00,"$5,727.04 ","$3,265.63 ","$4,543.92 ","$2,216.38 ","$3,828.57 ","$1,091.07 ","$1,242.41 ","$2,917.38 ","$1,142.99 ","$1,462.27 ","$1,863.82 ","$1,556.79 ",$436.39 ,$253.64 ,$253.44 ,$438.36 ,$798.10 ,$305.54 ,$322.04 ,"$33,665.78 ","$16,832.89 ","$8,416.45 "
11/17/22 0:00,"$5,270.33 ","$3,013.51 ","$4,979.32 ","$2,861.81 ","$3,747.38 ","$1,950.71 ","$1,942.17 ","$2,337.56 ","$1,816.25 ","$1,713.26 ","$1,968.40 ","$1,502.92 ",$485.01 ,$254.89 ,$330.72 ,$489.59 ,$810.12 ,$249.99 ,$305.73 ,"$36,029.67 ","$18,014.84 ","$9,007.42 "
11/18/22 0:00,"$5,131.48 ","$3,483.75 ","$4,072.60 ","$2,956.57 ","$3,155.70 ","$1,732.90 ","$1,324.47 ","$2,028.82 ","$1,609.72 ","$1,004.09 ","$1,508.12 ","$1,448.00 ",$550.10 ,$289.49 ,$310.39 ,$521.89 ,$824.37 ,$211.89 ,$208.20 ,"$32,372.55 ","$16,186.28 ","$8,093.14 "
11/19/22 0:00,"$5,055.37 ","$3,256.11 ","$4,766.67 ","$2,531.61 ","$3,476.60 ","$1,518.73 ","$1,589.64 ","$2,637.42 ","$1,029.24 ","$1,568.58 ","$1,960.27 ","$1,744.50 ",$336.04 ,$244.31 ,$250.38 ,$370.90 ,$612.41 ,$176.58 ,$218.43 ,"$33,343.79 ","$16,671.90 ","$8,335.95 "
11/20/22 0:00,"$5,301.60 ","$3,823.72 ","$4,266.37 ","$2,649.37 ","$3,937.29 ","$1,120.26 ","$1,129.51 ","$2,737.60 ","$1,766.89 ","$1,723.69 ","$1,942.53 ","$1,550.32 ",$458.03 ,$255.92 ,$163.74 ,$466.27 ,$531.08 ,$326.67 ,$181.42 ,"$34,332.28 ","$17,166.14 ","$8,583.07 "
11/21/22 0:00,"$5,262.12 ","$3,232.77 ","$4,368.60 ","$2,500.69 ","$3,933.60 ","$1,175.68 ","$1,479.37 ","$2,670.96 ","$1,537.69 ","$1,383.01 ","$1,602.74 ","$1,119.33 ",$393.82 ,$255.09 ,$169.77 ,$441.71 ,$439.38 ,$241.26 ,$252.56 ,"$32,460.15 ","$16,230.08 ","$8,115.04 "
11/22/22 0:00,"$5,456.14 ","$3,310.63 ","$4,219.28 ","$2,283.56 ","$3,009.25 ","$1,432.17 ","$1,608.84 ","$2,390.92 ","$1,799.93 ","$1,867.92 ","$1,704.86 ","$1,069.46 ",$248.48 ,$251.94 ,$239.70 ,$548.43 ,$795.70 ,$273.69 ,$315.53 ,"$32,826.43 ","$16,413.22 ","$8,206.61 "
11/23/22 0:00,"$5,683.28 ","$3,791.23 ","$4,789.04 ","$2,286.15 ","$3,752.49 ","$1,362.26 ","$1,770.70 ","$2,861.17 ","$1,408.87 ","$1,485.07 ","$1,561.46 ","$1,267.87 ",$260.25 ,$285.32 ,$210.91 ,$537.39 ,$725.36 ,$289.10 ,$249.32 ,"$34,577.24 ","$17,288.62 ","$8,644.31 "
11/24/22 0:00,"$5,695.63 ","$3,715.14 ","$4,144.24 ","$2,313.42 ","$3,006.24 ","$1,558.14 ","$1,557.07 ","$2,356.51 ","$1,665.50 ","$1,282.55 ","$1,873.59 ","$1,973.26 ",$401.84 ,$294.66 ,$338.63 ,$387.24 ,$760.81 ,$298.99 ,$314.67 ,"$33,938.13 ","$16,969.06 ","$8,484.53 "
11/25/22 0:00,"$5,283.52 ","$3,558.05 ","$4,840.02 ","$2,190.85 ","$3,984.30 ","$1,076.34 ","$1,703.60 ","$2,538.26 ","$1,198.80 ","$1,549.45 ","$1,888.71 ","$1,081.67 ",$201.76 ,$291.49 ,$283.17 ,$369.52 ,$746.08 ,$314.68 ,$246.00 ,"$33,346.27 ","$16,673.13 ","$8,336.57 "
11/26/22 0:00,"$5,379.93 ","$3,704.95 ","$4,661.58 ","$2,901.92 ","$3,416.97 ","$1,040.35 ","$1,859.08 ","$2,921.76 ","$1,191.84 ","$1,905.52 ","$1,940.47 ","$1,537.99 ",$212.49 ,$219.65 ,$204.11 ,$440.73 ,$767.81 ,$248.11 ,$219.70 ,"$34,774.96 ","$17,387.48 ","$8,693.74 "
11/27/22 0:00,"$5,181.15 ","$3,418.64 ","$4,059.02 ","$2,858.40 ","$3,973.52 ","$1,511.10 ","$1,298.56 ","$2,727.90 ","$1,340.26 ","$1,682.45 ","$1,720.73 ","$1,920.86 ",$226.63 ,$286.80 ,$221.39 ,$353.83 ,$449.95 ,$236.65 ,$175.42 ,"$33,643.26 ","$16,821.63 ","$8,410.81 "
11/28/22 0:00,"$5,788.55 ","$3,005.31 ","$4,810.98 ","$2,461.64 ","$3,367.75 ","$1,028.50 ","$1,340.17 ","$2,094.67 ","$1,519.44 ","$1,950.08 ","$1,815.03 ","$1,076.86 ",$582.70 ,$231.78 ,$166.16 ,$449.39 ,$552.23 ,$300.58 ,$152.56 ,"$32,694.38 ","$16,347.19 ","$8,173.59 "
11/29/22 0:00,"$5,056.85 ","$3,011.36 ","$4,627.76 ","$2,367.25 ","$3,293.19 ","$1,059.55 ","$1,029.57 ","$2,777.14 ","$1,716.53 ","$1,447.62 ","$1,921.82 ","$1,190.26 ",$644.70 ,$201.28 ,$199.94 ,$497.69 ,$766.38 ,$222.27 ,$220.62 ,"$32,251.78 ","$16,125.89 ","$8,062.94 "
11/30/22 0:00,"$5,697.00 ","$3,511.22 ","$4,904.98 ","$2,939.08 ","$3,316.29 ","$1,376.34 ","$1,554.26 ","$2,901.69 ","$1,666.80 ","$1,658.48 ","$1,546.69 ","$1,620.99 ",$652.13 ,$253.31 ,$213.75 ,$526.65 ,$730.42 ,$160.92 ,$314.41 ,"$35,545.41 ","$17,772.70 ","$8,886.35 "
12/1/22 0:00,"$5,778.70 ","$3,083.29 ","$4,748.72 ","$2,222.37 ","$3,730.68 ","$1,061.78 ","$1,971.53 ","$2,825.39 ","$1,821.34 ","$1,628.39 ","$1,559.58 ","$1,013.83 ",$204.06 ,$209.43 ,$278.39 ,$542.65 ,$745.04 ,$313.19 ,$219.20 ,"$33,957.56 ","$16,978.78 ","$8,489.39 "
12/2/22 0:00,"$5,777.41 ","$3,051.08 ","$4,561.12 ","$2,553.54 ","$3,199.67 ","$1,385.47 ","$1,736.10 ","$2,476.77 ","$1,426.40 ","$1,239.12 ","$1,908.89 ","$1,926.25 ",$527.09 ,$249.93 ,$184.51 ,$533.38 ,$741.82 ,$280.64 ,$313.80 ,"$34,072.99 ","$17,036.50 ","$8,518.25 "
12/3/22 0:00,"$5,259.42 ","$3,965.52 ","$4,836.55 ","$2,054.50 ","$3,864.06 ","$1,241.75 ","$1,992.59 ","$2,825.15 ","$1,912.53 ","$1,744.58 ","$1,720.98 ","$1,107.36 ",$343.21 ,$273.98 ,$285.44 ,$532.79 ,$430.11 ,$241.82 ,$288.01 ,"$34,920.35 ","$17,460.18 ","$8,730.09 "
12/4/22 0:00,"$5,373.81 ","$3,859.00 ","$4,278.05 ","$2,191.20 ","$3,590.57 ","$1,187.77 ","$1,454.35 ","$2,075.63 ","$1,109.17 ","$1,067.99 ","$1,901.43 ","$1,060.43 ",$234.94 ,$284.58 ,$173.53 ,$416.97 ,$771.73 ,$346.06 ,$237.86 ,"$31,615.07 ","$15,807.54 ","$7,903.77 "
12/5/22 0:00,"$5,587.60 ","$3,152.03 ","$4,546.95 ","$2,604.03 ","$3,969.91 ","$1,404.68 ","$1,747.47 ","$2,254.23 ","$1,187.20 ","$1,575.12 ","$1,500.08 ","$1,192.23 ",$251.88 ,$232.28 ,$328.83 ,$427.32 ,$438.66 ,$285.24 ,$158.53 ,"$32,844.27 ","$16,422.14 ","$8,211.07 "
12/6/22 0:00,"$5,272.82 ","$3,000.66 ","$4,293.62 ","$2,662.18 ","$3,987.08 ","$1,119.90 ","$1,161.21 ","$2,866.87 ","$1,683.72 ","$1,178.01 ","$1,557.51 ","$1,610.34 ",$233.37 ,$283.88 ,$275.29 ,$512.84 ,$770.08 ,$176.78 ,$291.90 ,"$32,938.06 ","$16,469.03 ","$8,234.52 "
12/7/22 0:00,"$5,370.85 ","$3,941.67 ","$4,968.20 ","$2,581.00 ","$3,185.18 ","$1,349.64 ","$1,422.01 ","$2,041.39 ","$1,253.77 ","$1,188.34 ","$1,684.17 ","$1,941.06 ",$475.13 ,$205.71 ,$265.49 ,$443.43 ,$542.69 ,$220.15 ,$263.54 ,"$33,343.42 ","$16,671.71 ","$8,335.86 "
12/8/22 0:00,"$5,197.05 ","$3,278.33 ","$4,226.20 ","$2,869.60 ","$3,955.78 ","$1,434.87 ","$1,643.61 ","$2,398.05 ","$1,164.59 ","$1,979.83 ","$1,698.83 ","$1,479.07 ",$353.44 ,$261.56 ,$187.45 ,$380.11 ,$495.46 ,$257.00 ,$243.02 ,"$33,503.85 ","$16,751.93 ","$8,375.96 "
12/9/22 0:00,"$5,459.86 ","$3,185.90 ","$4,015.74 ","$2,993.41 ","$3,046.54 ","$1,830.00 ","$1,450.31 ","$2,860.47 ","$1,886.49 ","$1,384.52 ","$1,916.88 ","$1,535.27 ",$283.14 ,$234.96 ,$298.17 ,$440.85 ,$488.16 ,$308.48 ,$345.23 ,"$33,964.38 ","$16,982.19 ","$8,491.10 "
12/10/22 0:00,"$5,044.61 ","$3,691.51 ","$4,325.85 ","$2,763.86 ","$3,027.86 ","$1,932.81 ","$1,029.72 ","$2,445.85 ","$1,068.40 ","$1,519.61 ","$1,754.89 ","$1,443.08 ",$272.74 ,$254.88 ,$197.21 ,$423.98 ,$434.75 ,$320.47 ,$299.68 ,"$32,251.76 ","$16,125.88 ","$8,062.94 "
12/11/22 0:00,"$5,799.80 ","$3,108.90 ","$4,502.51 ","$2,465.09 ","$3,943.86 ","$1,308.34 ","$1,316.84 ","$2,084.62 ","$1,991.47 ","$1,665.11 ","$1,958.98 ","$1,536.35 ",$619.71 ,$219.19 ,$309.61 ,$367.06 ,$624.22 ,$268.26 ,$219.00 ,"$34,308.92 ","$17,154.46 ","$8,577.23 "
12/12/22 0:00,"$5,076.96 ","$3,264.65 ","$4,028.36 ","$2,833.93 ","$3,962.40 ","$1,292.64 ","$1,676.07 ","$2,459.11 ","$1,862.59 ","$1,498.29 ","$1,712.35 ","$1,269.35 ",$211.28 ,$223.12 ,$305.79 ,$420.08 ,$753.07 ,$165.46 ,$218.12 ,"$33,233.62 ","$16,616.81 ","$8,308.41 "
12/13/22 0:00,"$5,518.84 ","$3,975.09 ","$4,559.25 ","$2,120.39 ","$3,147.25 ","$1,566.52 ","$1,395.19 ","$2,732.22 ","$1,868.26 ","$1,725.88 ","$1,533.48 ","$1,694.93 ",$447.63 ,$283.64 ,$337.88 ,$541.84 ,$692.70 ,$224.99 ,$272.94 ,"$34,638.92 ","$17,319.46 ","$8,659.73 "
12/14/22 0:00,"$5,306.81 ","$3,639.46 ","$4,874.28 ","$2,683.27 ","$3,442.42 ","$1,137.41 ","$1,448.40 ","$2,316.39 ","$1,628.71 ","$1,026.03 ","$1,728.98 ","$1,709.93 ",$236.37 ,$279.76 ,$306.54 ,$535.29 ,$846.42 ,$217.61 ,$180.98 ,"$33,545.06 ","$16,772.53 ","$8,386.26 "
12/15/22 0:00,"$5,577.54 ","$3,520.68 ","$4,704.73 ","$2,518.34 ","$3,494.09 ","$1,349.71 ","$1,856.18 ","$2,906.53 ","$1,224.86 ","$1,676.70 ","$1,705.50 ","$1,520.84 ",$272.98 ,$285.43 ,$222.99 ,$543.83 ,$746.96 ,$326.04 ,$258.28 ,"$34,712.21 ","$17,356.10 ","$8,678.05 "
12/16/22 0:00,"$5,959.43 ","$3,397.92 ","$4,622.97 ","$2,178.07 ","$3,860.28 ","$1,053.22 ","$1,269.39 ","$2,940.80 ","$1,798.09 ","$1,324.39 ","$1,774.73 ","$1,859.51 ",$432.65 ,$247.84 ,$252.13 ,$464.34 ,$727.73 ,$180.71 ,$261.55 ,"$34,605.75 ","$17,302.88 ","$8,651.44 "
12/17/22 0:00,"$5,645.57 ","$3,774.50 ","$4,955.96 ","$2,972.93 ","$3,627.92 ","$1,379.07 ","$1,615.93 ","$2,167.77 ","$1,053.80 ","$1,879.36 ","$1,819.91 ","$1,660.80 ",$303.45 ,$266.21 ,$275.37 ,$371.18 ,$585.09 ,$202.71 ,$281.82 ,"$34,839.35 ","$17,419.67 ","$8,709.84 "
12/18/22 0:00,"$5,035.36 ","$3,140.96 ","$4,958.28 ","$2,338.44 ","$3,774.57 ","$1,114.15 ","$1,845.77 ","$2,093.39 ","$1,582.12 ","$1,143.41 ","$1,529.45 ","$1,493.50 ",$518.35 ,$245.82 ,$203.50 ,$395.40 ,$454.36 ,$159.46 ,$320.33 ,"$32,346.62 ","$16,173.31 ","$8,086.66 "
12/19/22 0:00,"$5,430.40 ","$3,967.34 ","$4,824.27 ","$2,615.42 ","$3,485.10 ","$1,561.81 ","$1,807.15 ","$2,299.36 ","$1,439.16 ","$1,030.64 ","$1,808.76 ","$1,842.11 ",$389.49 ,$224.91 ,$310.01 ,$387.27 ,$570.89 ,$243.18 ,$281.90 ,"$34,519.17 ","$17,259.58 ","$8,629.79 "
12/20/22 0:00,"$5,510.02 ","$3,861.12 ","$4,607.74 ","$2,878.59 ","$3,648.41 ","$1,641.59 ","$1,238.72 ","$2,469.04 ","$1,750.41 ","$1,060.95 ","$1,566.14 ","$1,584.32 ",$592.24 ,$200.62 ,$215.82 ,$387.73 ,$786.84 ,$182.29 ,$330.73 ,"$34,513.32 ","$17,256.66 ","$8,628.33 "
12/21/22 0:00,"$5,536.18 ","$3,617.66 ","$4,487.76 ","$2,506.69 ","$3,735.41 ","$1,987.09 ","$1,051.09 ","$2,157.01 ","$1,023.77 ","$1,522.19 ","$1,715.91 ","$1,076.00 ",$528.95 ,$291.98 ,$176.03 ,$527.67 ,$551.13 ,$345.30 ,$154.23 ,"$32,992.05 ","$16,496.03 ","$8,248.01 "
12/22/22 0:00,"$5,681.39 ","$3,042.91 ","$4,013.32 ","$2,115.14 ","$3,737.88 ","$1,195.14 ","$1,276.83 ","$2,241.57 ","$1,386.79 ","$1,215.25 ","$1,946.17 ","$1,802.61 ",$688.96 ,$269.71 ,$161.90 ,$390.80 ,$455.13 ,$236.29 ,$271.16 ,"$32,128.95 ","$16,064.48 ","$8,032.24 "
12/23/22 0:00,"$5,277.60 ","$3,700.86 ","$4,606.26 ","$2,818.74 ","$3,001.74 ","$1,207.20 ","$1,176.40 ","$2,933.30 ","$1,477.09 ","$1,753.18 ","$1,566.92 ","$1,845.59 ",$378.52 ,$278.18 ,$282.00 ,$425.79 ,$639.11 ,$331.18 ,$156.21 ,"$33,855.87 ","$16,927.94 ","$8,463.97 "
12/24/22 0:00,"$5,128.86 ","$3,913.28 ","$4,989.09 ","$2,353.21 ","$3,099.91 ","$1,947.42 ","$1,027.71 ","$2,714.88 ","$1,152.36 ","$1,055.53 ","$1,604.38 ","$1,048.08 ",$423.08 ,$207.41 ,$202.94 ,$368.61 ,$673.35 ,$190.52 ,$318.15 ,"$32,418.77 ","$16,209.38 ","$8,104.69 "
12/25/22 0:00,"$5,392.68 ","$3,524.58 ","$4,818.10 ","$2,983.07 ","$3,363.66 ","$1,864.64 ","$1,304.36 ","$2,597.95 ","$1,414.72 ","$1,234.83 ","$1,711.51 ","$1,770.42 ",$534.10 ,$288.29 ,$320.32 ,$357.30 ,$453.24 ,$264.32 ,$175.39 ,"$34,373.48 ","$17,186.74 ","$8,593.37 "
12/26/22 0:00,"$5,956.41 ","$3,354.22 ","$4,340.60 ","$2,883.83 ","$3,061.20 ","$1,616.05 ","$1,520.81 ","$2,707.96 ","$1,910.48 ","$1,830.24 ","$1,530.20 ","$1,980.86 ",$411.04 ,$214.67 ,$304.49 ,$539.57 ,$744.84 ,$298.22 ,$248.51 ,"$35,454.20 ","$17,727.10 ","$8,863.55 "
12/27/22 0:00,"$5,187.13 ","$3,120.28 ","$4,152.05 ","$2,853.45 ","$3,382.99 ","$1,841.41 ","$1,650.32 ","$2,002.73 ","$1,468.63 ","$1,045.64 ","$1,643.14 ","$1,790.73 ",$319.53 ,$284.30 ,$173.04 ,$502.48 ,$628.56 ,$308.96 ,$171.46 ,"$32,526.83 ","$16,263.42 ","$8,131.71 "
12/28/22 0:00,"$5,903.98 ","$3,754.90 ","$4,784.06 ","$2,356.25 ","$3,389.57 ","$1,209.69 ","$1,377.90 ","$2,145.52 ","$1,251.78 ","$1,787.61 ","$1,538.73 ","$1,397.88 ",$203.34 ,$276.47 ,$261.06 ,$436.98 ,$664.21 ,$283.11 ,$278.60 ,"$33,301.64 ","$16,650.82 ","$8,325.41 "
12/29/22 0:00,"$5,543.81 ","$3,885.02 ","$4,743.94 ","$2,757.13 ","$3,920.23 ","$1,874.03 ","$1,204.28 ","$2,691.75 ","$1,532.34 ","$1,111.77 ","$1,738.52 ","$1,717.73 ",$337.80 ,$273.88 ,$343.47 ,$383.76 ,$417.28 ,$349.80 ,$259.75 ,"$35,086.29 ","$17,543.14 ","$8,771.57 "
12/30/22 0:00,"$5,456.91 ","$3,100.25 ","$4,967.05 ","$2,986.33 ","$3,567.07 ","$1,867.31 ","$1,569.31 ","$2,714.97 ","$1,060.84 ","$1,842.76 ","$1,786.69 ","$1,292.17 ",$632.10 ,$268.72 ,$315.85 ,$546.08 ,$497.11 ,$293.26 ,$157.99 ,"$34,922.77 ","$17,461.39 ","$8,730.69 "
12/31/22 0:00,"$5,882.04 ","$3,758.98 ","$4,874.84 ","$2,526.32 ","$3,706.35 ","$1,248.11 ","$1,752.37 ","$2,852.97 ","$1,294.27 ","$1,784.04 ","$1,874.64 ","$1,657.75 ",$494.77 ,$220.25 ,$324.45 ,$436.83 ,$598.21 ,$272.35 ,$300.16 ,"$35,859.70 ","$17,929.85 ","$8,964.92 "
1/1/23 0:00,"$5,458.60 ","$3,017.06 ","$4,555.66 ","$2,470.73 ","$3,887.20 ","$1,508.37 ","$1,694.95 ","$2,585.55 ","$1,783.64 ","$1,218.76 ","$1,961.62 ","$1,517.52 ",$202.33 ,$265.78 ,$202.55 ,$458.91 ,$446.84 ,$324.96 ,$256.35 ,"$33,817.38 ","$16,908.69 ","$8,454.34 "
1/2/23 0:00,"$5,724.17 ","$3,967.05 ","$4,101.28 ","$2,014.67 ","$3,442.13 ","$1,929.77 ","$1,856.98 ","$2,557.25 ","$1,641.91 ","$1,401.97 ","$1,718.81 ","$1,662.23 ",$593.96 ,$210.86 ,$295.10 ,$365.08 ,$728.45 ,$293.64 ,$240.57 ,"$34,745.88 ","$17,372.94 ","$8,686.47 "
1/3/23 0:00,"$5,399.03 ","$3,615.06 ","$4,483.50 ","$2,700.20 ","$3,001.96 ","$1,679.15 ","$1,263.87 ","$2,397.64 ","$1,023.98 ","$1,458.00 ","$1,813.90 ","$1,413.84 ",$207.81 ,$285.96 ,$217.98 ,$405.91 ,$497.55 ,$176.06 ,$328.74 ,"$32,370.14 ","$16,185.07 ","$8,092.54 "
1/4/23 0:00,"$5,904.04 ","$3,552.44 ","$4,313.70 ","$2,858.48 ","$3,285.34 ","$1,660.52 ","$1,503.01 ","$2,816.56 ","$1,569.88 ","$1,393.78 ","$1,530.03 ","$1,154.17 ",$676.58 ,$220.04 ,$315.61 ,$402.47 ,$562.58 ,$303.80 ,$306.89 ,"$34,329.92 ","$17,164.96 ","$8,582.48 "
1/5/23 0:00,"$5,690.03 ","$3,295.95 ","$4,512.41 ","$2,247.46 ","$3,814.16 ","$1,559.76 ","$1,488.44 ","$2,852.02 ","$1,217.34 ","$1,211.03 ","$1,737.66 ","$1,421.04 ",$456.90 ,$243.96 ,$170.53 ,$377.80 ,$415.03 ,$180.13 ,$324.33 ,"$33,215.98 ","$16,607.99 ","$8,303.99 "
1/6/23 0:00,"$5,699.62 ","$3,929.29 ","$4,301.70 ","$2,315.02 ","$3,901.84 ","$1,268.83 ","$1,321.58 ","$2,451.59 ","$1,975.75 ","$1,226.16 ","$1,935.00 ","$1,477.41 ",$654.05 ,$290.60 ,$287.02 ,$528.84 ,$513.90 ,$179.73 ,$190.84 ,"$34,448.77 ","$17,224.38 ","$8,612.19 "
1/7/23 0:00,"$5,327.72 ","$3,265.91 ","$4,861.82 ","$2,500.68 ","$3,351.51 ","$1,978.42 ","$1,686.42 ","$2,375.59 ","$1,783.69 ","$1,690.70 ","$1,796.14 ","$1,677.86 ",$642.96 ,$279.54 ,$278.98 ,$388.76 ,$782.07 ,$208.09 ,$248.19 ,"$35,125.05 ","$17,562.53 ","$8,781.26 "
1/8/23 0:00,"$5,756.78 ","$3,828.15 ","$4,844.33 ","$2,072.08 ","$3,293.99 ","$1,447.51 ","$1,134.23 ","$2,050.41 ","$1,127.91 ","$1,151.56 ","$1,687.55 ","$1,284.51 ",$642.63 ,$203.81 ,$202.26 ,$356.16 ,$640.08 ,$299.32 ,$223.77 ,"$32,247.04 ","$16,123.52 ","$8,061.76 "
1/9/23 0:00,"$5,636.06 ","$3,985.11 ","$4,315.47 ","$2,089.64 ","$3,924.51 ","$1,311.45 ","$1,805.15 ","$2,792.08 ","$1,385.55 ","$1,281.99 ","$1,544.62 ","$1,645.65 ",$387.90 ,$248.85 ,$276.43 ,$547.17 ,$729.46 ,$266.86 ,$213.70 ,"$34,387.65 ","$17,193.82 ","$8,596.91 "
1/10/23 0:00,"$5,240.02 ","$3,783.40 ","$4,599.58 ","$2,421.11 ","$3,351.07 ","$1,728.58 ","$1,036.62 ","$2,673.06 ","$1,489.97 ","$1,063.03 ","$1,749.29 ","$1,233.84 ",$292.94 ,$252.51 ,$332.18 ,$537.91 ,$493.41 ,$219.21 ,$210.38 ,"$32,708.11 ","$16,354.06 ","$8,177.03 "
1/11/23 0:00,"$5,160.54 ","$3,518.99 ","$4,430.18 ","$2,261.22 ","$3,652.25 ","$1,607.70 ","$1,388.18 ","$2,439.20 ","$1,182.37 ","$1,218.11 ","$1,959.35 ","$1,764.91 ",$375.60 ,$283.53 ,$273.03 ,$494.59 ,$488.28 ,$310.19 ,$206.54 ,"$33,014.76 ","$16,507.38 ","$8,253.69 "
1/12/23 0:00,"$5,796.39 ","$3,066.07 ","$4,909.09 ","$2,406.04 ","$3,280.31 ","$1,342.24 ","$1,607.32 ","$2,504.69 ","$1,704.28 ","$1,037.81 ","$1,536.95 ","$1,722.11 ",$267.14 ,$259.70 ,$186.81 ,$518.29 ,$662.72 ,$168.81 ,$271.62 ,"$33,248.39 ","$16,624.20 ","$8,312.10 "
1/13/23 0:00,"$5,959.17 ","$3,472.41 ","$4,187.36 ","$2,454.39 ","$3,097.92 ","$1,303.79 ","$1,424.36 ","$2,896.05 ","$1,841.38 ","$1,698.34 ","$1,765.44 ","$1,117.75 ",$617.20 ,$206.59 ,$211.23 ,$381.25 ,$486.40 ,$209.45 ,$260.00 ,"$33,590.48 ","$16,795.24 ","$8,397.62 "
1/14/23 0:00,"$5,458.14 ","$3,438.26 ","$4,697.73 ","$2,976.27 ","$3,501.24 ","$1,214.51 ","$1,655.69 ","$2,877.67 ","$1,004.46 ","$1,404.43 ","$1,713.16 ","$1,592.65 ",$484.30 ,$241.97 ,$220.31 ,$366.00 ,$488.98 ,$319.65 ,$162.31 ,"$33,817.73 ","$16,908.86 ","$8,454.43 "
1/15/23 0:00,"$5,590.98 ","$3,202.80 ","$4,970.38 ","$2,944.26 ","$3,923.23 ","$1,078.49 ","$1,038.80 ","$2,179.08 ","$1,133.22 ","$1,377.67 ","$1,879.73 ","$1,088.05 ",$324.29 ,$266.02 ,$212.23 ,$522.84 ,$444.65 ,$222.48 ,$212.35 ,"$32,611.55 ","$16,305.77 ","$8,152.89 "
1/16/23 0:00,"$5,857.72 ","$3,423.59 ","$4,175.28 ","$2,139.73 ","$3,618.64 ","$1,625.71 ","$1,867.16 ","$2,849.01 ","$1,283.46 ","$1,485.64 ","$1,575.58 ","$1,969.12 ",$609.99 ,$298.80 ,$286.88 ,$421.70 ,$741.80 ,$215.25 ,$220.27 ,"$34,665.33 ","$17,332.66 ","$8,666.33 "
1/17/23 0:00,"$5,457.22 ","$3,357.76 ","$4,201.97 ","$2,882.59 ","$3,208.83 ","$1,505.69 ","$1,077.66 ","$2,509.74 ","$1,984.11 ","$1,261.29 ","$1,585.60 ","$1,339.24 ",$430.44 ,$238.41 ,$340.00 ,$414.56 ,$439.68 ,$257.03 ,$172.71 ,"$32,664.53 ","$16,332.26 ","$8,166.13 "
1/18/23 0:00,"$5,951.87 ","$3,163.68 ","$4,693.72 ","$2,080.21 ","$3,682.43 ","$1,234.85 ","$1,287.75 ","$2,106.12 ","$1,404.53 ","$1,360.33 ","$1,858.00 ","$1,020.26 ",$205.44 ,$298.46 ,$250.78 ,$487.74 ,$800.04 ,$331.72 ,$261.47 ,"$32,479.40 ","$16,239.70 ","$8,119.85 "
1/19/23 0:00,"$5,575.75 ","$3,441.37 ","$4,779.15 ","$2,507.64 ","$3,768.36 ","$1,055.12 ","$1,293.37 ","$2,311.48 ","$1,170.25 ","$1,590.97 ","$1,839.98 ","$1,503.62 ",$276.65 ,$254.89 ,$308.05 ,$501.41 ,$791.75 ,$342.42 ,$293.01 ,"$33,605.24 ","$16,802.62 ","$8,401.31 "
1/20/23 0:00,"$5,820.77 ","$3,262.80 ","$4,490.55 ","$2,163.91 ","$3,320.76 ","$1,018.90 ","$1,011.81 ","$2,686.95 ","$1,120.93 ","$1,224.52 ","$1,758.84 ","$1,121.86 ",$410.88 ,$246.38 ,$338.88 ,$472.74 ,$472.57 ,$165.86 ,$177.20 ,"$31,287.11 ","$15,643.56 ","$7,821.78 "
1/21/23 0:00,"$5,908.84 ","$3,522.06 ","$4,609.69 ","$2,365.89 ","$3,559.21 ","$1,738.50 ","$1,094.02 ","$2,893.43 ","$1,901.36 ","$1,461.97 ","$1,502.28 ","$1,650.94 ",$238.81 ,$241.54 ,$224.89 ,$369.06 ,$835.33 ,$339.69 ,$198.74 ,"$34,656.25 ","$17,328.12 ","$8,664.06 "
1/22/23 0:00,"$5,815.52 ","$3,035.16 ","$4,212.68 ","$2,743.34 ","$3,681.95 ","$1,188.25 ","$1,851.88 ","$2,108.35 ","$1,810.24 ","$1,574.92 ","$1,927.83 ","$1,731.01 ",$521.67 ,$257.93 ,$159.26 ,$423.05 ,$553.42 ,$342.16 ,$247.53 ,"$34,186.15 ","$17,093.08 ","$8,546.54 "
1/23/23 0:00,"$5,159.41 ","$3,906.23 ","$4,476.61 ","$2,424.51 ","$3,160.35 ","$1,266.64 ","$1,775.81 ","$2,609.65 ","$1,619.30 ","$1,138.09 ","$1,993.70 ","$1,859.27 ",$298.66 ,$242.85 ,$300.66 ,$352.63 ,$800.05 ,$219.87 ,$185.09 ,"$33,789.38 ","$16,894.69 ","$8,447.35 "
1/24/23 0:00,"$5,628.90 ","$3,816.36 ","$4,112.07 ","$2,806.95 ","$3,964.10 ","$1,014.11 ","$1,737.99 ","$2,678.13 ","$1,539.70 ","$1,306.97 ","$1,833.72 ","$1,888.64 ",$497.06 ,$238.35 ,$297.00 ,$369.49 ,$432.52 ,$153.62 ,$327.96 ,"$34,643.64 ","$17,321.82 ","$8,660.91 "
1/25/23 0:00,"$5,398.43 ","$3,552.58 ","$4,321.42 ","$2,718.82 ","$3,451.25 ","$1,150.64 ","$1,689.30 ","$2,276.18 ","$1,777.15 ","$1,552.21 ","$1,966.61 ","$1,309.45 ",$204.71 ,$297.82 ,$210.65 ,$495.67 ,$464.70 ,$220.56 ,$209.55 ,"$33,267.70 ","$16,633.85 ","$8,316.92 "
1/26/23 0:00,"$5,062.71 ","$3,851.81 ","$4,284.78 ","$2,942.84 ","$3,979.66 ","$1,874.45 ","$1,074.53 ","$2,756.64 ","$1,318.15 ","$1,401.26 ","$1,878.91 ","$1,357.76 ",$272.40 ,$249.45 ,$203.83 ,$404.52 ,$598.63 ,$304.09 ,$301.65 ,"$34,118.07 ","$17,059.03 ","$8,529.52 "
1/27/23 0:00,"$5,424.03 ","$3,962.40 ","$4,444.63 ","$2,534.16 ","$3,189.57 ","$1,242.06 ","$1,298.66 ","$2,103.33 ","$1,639.85 ","$1,715.99 ","$1,842.08 ","$1,974.47 ",$362.97 ,$278.02 ,$290.67 ,$381.92 ,$421.45 ,$174.50 ,$253.59 ,"$33,534.35 ","$16,767.18 ","$8,383.59 "
1/28/23 0:00,"$5,258.68 ","$3,110.52 ","$4,930.13 ","$2,802.15 ","$3,483.77 ","$1,953.96 ","$1,006.57 ","$2,239.68 ","$1,736.85 ","$1,231.32 ","$1,675.63 ","$1,433.92 ",$243.84 ,$250.63 ,$181.28 ,$546.09 ,$521.28 ,$198.95 ,$269.82 ,"$33,075.07 ","$16,537.54 ","$8,268.77 "
1/29/23 0:00,"$5,849.04 ","$3,630.83 ","$4,181.27 ","$2,322.91 ","$3,165.85 ","$1,164.35 ","$1,060.52 ","$2,000.49 ","$1,575.65 ","$1,470.72 ","$1,539.83 ","$1,404.71 ",$691.77 ,$223.19 ,$318.69 ,$514.07 ,$669.48 ,$173.92 ,$290.96 ,"$32,248.25 ","$16,124.12 ","$8,062.06 "
1/30/23 0:00,"$5,033.30 ","$3,997.99 ","$4,401.39 ","$2,345.75 ","$3,010.18 ","$1,253.26 ","$1,037.89 ","$2,502.74 ","$1,168.73 ","$1,821.05 ","$1,516.09 ","$1,925.36 ",$316.01 ,$294.84 ,$322.13 ,$486.43 ,$459.23 ,$156.83 ,$186.05 ,"$32,235.25 ","$16,117.62 ","$8,058.81 "
1/31/23 0:00,"$5,958.98 ","$3,987.89 ","$4,615.60 ","$2,400.51 ","$3,237.88 ","$1,867.71 ","$1,198.93 ","$2,263.44 ","$1,985.90 ","$1,142.77 ","$1,725.28 ","$1,187.30 ",$649.34 ,$288.13 ,$263.27 ,$415.12 ,$456.01 ,$317.53 ,$256.31 ,"$34,217.90 ","$17,108.95 ","$8,554.48 "
2/1/23 0:00,"$5,355.37 ","$3,603.32 ","$4,946.56 ","$2,410.92 ","$3,403.19 ","$1,426.61 ","$1,056.28 ","$2,078.07 ","$1,811.20 ","$1,894.93 ","$1,729.77 ","$1,474.08 ",$543.18 ,$214.19 ,$193.76 ,$383.56 ,$580.53 ,$269.36 ,$200.57 ,"$33,575.45 ","$16,787.73 ","$8,393.86 "
2/2/23 0:00,"$5,356.71 ","$3,128.02 ","$4,133.15 ","$2,103.25 ","$3,431.13 ","$1,267.83 ","$1,016.88 ","$2,880.88 ","$1,490.63 ","$1,447.25 ","$1,693.09 ","$1,485.43 ",$679.28 ,$288.50 ,$339.80 ,$513.22 ,$446.40 ,$325.34 ,$171.82 ,"$32,198.61 ","$16,099.30 ","$8,049.65 "
2/3/23 0:00,"$5,016.33 ","$3,583.19 ","$4,917.88 ","$2,519.10 ","$3,886.51 ","$1,692.81 ","$1,244.91 ","$2,198.66 ","$1,619.97 ","$1,479.84 ","$1,514.96 ","$1,742.53 ",$655.25 ,$219.70 ,$197.06 ,$535.31 ,$693.78 ,$174.68 ,$319.87 ,"$34,212.34 ","$17,106.17 ","$8,553.09 "
2/4/23 0:00,"$5,185.23 ","$3,002.06 ","$4,081.05 ","$2,096.80 ","$3,635.68 ","$1,051.23 ","$1,798.85 ","$2,567.32 ","$1,760.08 ","$1,635.91 ","$1,599.67 ","$1,435.41 ",$639.33 ,$256.86 ,$211.80 ,$522.74 ,$755.69 ,$286.01 ,$215.97 ,"$32,737.69 ","$16,368.84 ","$8,184.42 "
2/5/23 0:00,"$5,401.26 ","$3,198.91 ","$4,480.74 ","$2,889.76 ","$3,434.44 ","$1,890.61 ","$1,056.31 ","$2,271.47 ","$1,458.59 ","$1,541.83 ","$1,568.26 ","$1,863.22 ",$488.89 ,$293.10 ,$238.37 ,$400.52 ,$613.23 ,$265.01 ,$303.58 ,"$33,658.10 ","$16,829.05 ","$8,414.53 "
2/6/23 0:00,"$5,929.29 ","$3,956.12 ","$4,454.59 ","$2,061.84 ","$3,988.00 ","$1,841.56 ","$1,984.55 ","$2,597.50 ","$1,739.12 ","$1,823.25 ","$1,506.37 ","$1,670.25 ",$682.32 ,$256.45 ,$254.15 ,$367.84 ,$429.39 ,$317.56 ,$294.61 ,"$36,154.76 ","$18,077.38 ","$9,038.69 "
2/7/23 0:00,"$5,099.61 ","$3,330.44 ","$4,209.60 ","$2,449.69 ","$3,614.22 ","$1,085.80 ","$1,657.58 ","$2,654.30 ","$1,772.93 ","$1,186.64 ","$1,809.57 ","$1,930.97 ",$290.41 ,$221.16 ,$241.10 ,$450.84 ,$675.54 ,$246.07 ,$269.03 ,"$33,195.50 ","$16,597.75 ","$8,298.88 "
2/8/23 0:00,"$5,945.30 ","$3,638.39 ","$4,347.46 ","$2,284.69 ","$3,322.66 ","$1,798.62 ","$1,866.82 ","$2,725.59 ","$1,459.01 ","$1,129.90 ","$1,549.47 ","$1,262.02 ",$427.10 ,$226.50 ,$150.04 ,$504.62 ,$507.93 ,$207.50 ,$272.23 ,"$33,625.85 ","$16,812.92 ","$8,406.46 "
2/9/23 0:00,"$5,869.49 ","$3,280.86 ","$4,454.17 ","$2,154.87 ","$3,691.31 ","$1,961.17 ","$1,660.70 ","$2,295.73 ","$1,187.77 ","$1,263.48 ","$1,574.19 ","$1,812.40 ",$590.56 ,$267.86 ,$322.44 ,$546.33 ,$571.02 ,$251.64 ,$253.17 ,"$34,009.16 ","$17,004.58 ","$8,502.29 "
2/10/23 0:00,"$5,454.16 ","$3,947.82 ","$4,865.21 ","$2,783.84 ","$3,495.70 ","$1,492.07 ","$1,776.87 ","$2,047.26 ","$1,597.77 ","$1,997.81 ","$1,549.56 ","$1,116.77 ",$441.76 ,$274.70 ,$154.75 ,$533.17 ,$486.75 ,$245.44 ,$230.48 ,"$34,491.89 ","$17,245.94 ","$8,622.97 "
2/11/23 0:00,"$5,326.70 ","$3,728.56 ","$4,955.06 ","$2,714.93 ","$3,881.17 ","$1,568.15 ","$1,300.78 ","$2,857.27 ","$1,554.29 ","$1,098.86 ","$1,882.33 ","$1,801.93 ",$697.21 ,$259.18 ,$326.31 ,$356.40 ,$688.21 ,$287.22 ,$154.66 ,"$35,439.22 ","$17,719.61 ","$8,859.80 "
2/12/23 0:00,"$5,232.74 ","$3,329.65 ","$4,518.93 ","$2,145.95 ","$3,896.51 ","$1,679.80 ","$1,257.32 ","$2,969.29 ","$1,500.49 ","$1,530.45 ","$1,941.69 ","$1,848.73 ",$566.57 ,$228.14 ,$314.56 ,$354.41 ,$768.52 ,$338.83 ,$268.82 ,"$34,691.40 ","$17,345.70 ","$8,672.85 "
2/13/23 0:00,"$5,614.46 ","$3,791.76 ","$4,870.10 ","$2,632.77 ","$3,367.35 ","$1,266.73 ","$1,664.42 ","$2,886.22 ","$1,058.58 ","$1,773.38 ","$1,559.40 ","$1,406.60 ",$303.18 ,$218.68 ,$337.34 ,$476.34 ,$786.34 ,$223.32 ,$259.42 ,"$34,496.39 ","$17,248.19 ","$8,624.10 "
2/14/23 0:00,"$5,033.07 ","$3,108.17 ","$4,608.17 ","$2,792.56 ","$3,562.34 ","$1,649.66 ","$1,563.15 ","$2,082.61 ","$1,777.56 ","$1,832.60 ","$1,807.83 ","$1,700.01 ",$605.70 ,$265.46 ,$212.79 ,$375.56 ,$747.31 ,$264.16 ,$294.05 ,"$34,282.76 ","$17,141.38 ","$8,570.69 "
2/15/23 0:00,"$5,015.61 ","$3,392.32 ","$4,349.09 ","$2,773.33 ","$3,265.77 ","$1,474.87 ","$1,505.66 ","$2,785.14 ","$1,538.71 ","$1,957.42 ","$1,809.84 ","$1,968.70 ",$643.73 ,$222.93 ,$185.94 ,$471.48 ,$645.97 ,$221.04 ,$199.05 ,"$34,426.60 ","$17,213.30 ","$8,606.65 "
2/16/23 0:00,"$5,428.80 ","$3,221.22 ","$4,194.19 ","$2,092.28 ","$3,626.64 ","$1,405.54 ","$1,177.26 ","$2,486.00 ","$1,430.65 ","$1,995.17 ","$1,640.66 ","$1,184.93 ",$469.71 ,$216.28 ,$160.86 ,$351.88 ,$650.12 ,$261.56 ,$241.32 ,"$32,235.07 ","$16,117.54 ","$8,058.77 "
2/17/23 0:00,"$5,068.07 ","$3,683.73 ","$4,413.13 ","$2,685.51 ","$3,992.35 ","$1,902.80 ","$1,230.65 ","$2,632.12 ","$1,814.89 ","$1,552.26 ","$1,794.26 ","$1,618.14 ",$695.27 ,$213.11 ,$287.55 ,$498.34 ,$491.35 ,$332.52 ,$295.99 ,"$35,202.04 ","$17,601.02 ","$8,800.51 "
2/18/23 0:00,"$5,251.94 ","$3,102.45 ","$4,522.82 ","$2,716.02 ","$3,832.59 ","$1,797.90 ","$1,549.73 ","$2,611.72 ","$1,196.88 ","$1,240.79 ","$1,716.64 ","$1,047.43 ",$467.95 ,$273.88 ,$181.31 ,$427.43 ,$406.84 ,$215.91 ,$320.11 ,"$32,880.34 ","$16,440.17 ","$8,220.09 "
2/19/23 0:00,"$5,221.16 ","$3,397.03 ","$4,044.44 ","$2,862.17 ","$3,366.41 ","$1,934.61 ","$1,409.92 ","$2,535.03 ","$1,271.68 ","$1,519.90 ","$1,553.82 ","$1,338.60 ",$586.57 ,$271.19 ,$183.57 ,$501.58 ,$651.66 ,$336.48 ,$254.76 ,"$33,240.58 ","$16,620.29 ","$8,310.14 "
2/20/23 0:00,"$5,253.19 ","$3,276.65 ","$4,145.84 ","$2,508.04 ","$3,095.38 ","$1,836.65 ","$1,962.51 ","$2,675.08 ","$1,639.73 ","$1,736.03 ","$1,979.12 ","$1,141.19 ",$362.01 ,$292.75 ,$196.08 ,$488.54 ,$713.94 ,$303.73 ,$272.63 ,"$33,879.09 ","$16,939.55 ","$8,469.77 "
2/21/23 0:00,"$5,131.06 ","$3,506.34 ","$4,600.18 ","$2,461.09 ","$3,966.68 ","$1,041.81 ","$1,552.82 ","$2,616.32 ","$1,390.06 ","$1,476.67 ","$1,839.32 ","$1,536.78 ",$319.41 ,$226.17 ,$205.72 ,$445.53 ,$578.21 ,$295.34 ,$205.57 ,"$33,395.08 ","$16,697.54 ","$8,348.77 "
2/22/23 0:00,"$5,012.04 ","$3,349.90 ","$4,225.00 ","$2,965.12 ","$3,389.58 ","$1,606.53 ","$1,431.71 ","$2,576.84 ","$1,303.07 ","$1,272.31 ","$1,976.98 ","$1,603.22 ",$591.88 ,$258.95 ,$192.72 ,$451.73 ,$689.32 ,$311.15 ,$240.74 ,"$33,448.79 ","$16,724.40 ","$8,362.20 "
2/23/23 0:00,"$5,115.48 ","$3,706.41 ","$4,837.33 ","$2,796.51 ","$3,293.38 ","$1,697.64 ","$1,950.60 ","$2,142.82 ","$1,254.62 ","$1,822.09 ","$1,575.51 ","$1,989.41 ",$296.49 ,$291.96 ,$271.48 ,$368.04 ,$546.25 ,$258.79 ,$249.23 ,"$34,464.04 ","$17,232.02 ","$8,616.01 "
2/24/23 0:00,"$5,618.48 ","$3,024.58 ","$4,326.94 ","$2,558.73 ","$3,316.34 ","$1,664.86 ","$1,091.61 ","$2,864.94 ","$1,485.73 ","$1,829.11 ","$1,897.08 ","$1,966.80 ",$341.96 ,$222.35 ,$252.22 ,$479.67 ,$558.81 ,$191.14 ,$178.59 ,"$33,869.94 ","$16,934.97 ","$8,467.48 "
2/25/23 0:00,"$5,974.26 ","$3,633.99 ","$4,104.83 ","$2,330.62 ","$3,489.92 ","$1,271.96 ","$1,271.78 ","$2,753.50 ","$1,775.54 ","$1,550.65 ","$1,710.31 ","$1,882.66 ",$384.11 ,$245.40 ,$280.14 ,$478.15 ,$570.67 ,$347.94 ,$163.83 ,"$34,220.26 ","$17,110.13 ","$8,555.07 "
2/26/23 0:00,"$5,990.35 ","$3,230.57 ","$4,083.53 ","$2,845.24 ","$3,956.75 ","$1,425.63 ","$1,346.39 ","$2,964.37 ","$1,805.33 ","$1,601.56 ","$1,964.84 ","$1,567.48 ",$512.25 ,$296.58 ,$278.41 ,$513.17 ,$780.86 ,$206.65 ,$187.16 ,"$35,557.12 ","$17,778.56 ","$8,889.28 "
2/27/23 0:00,"$5,409.05 ","$3,268.71 ","$4,937.12 ","$2,455.44 ","$3,986.62 ","$1,039.03 ","$1,853.50 ","$2,791.74 ","$1,790.57 ","$1,513.53 ","$1,843.50 ","$1,886.06 ",$371.12 ,$295.49 ,$321.03 ,$359.83 ,$491.60 ,$206.64 ,$316.89 ,"$35,137.47 ","$17,568.73 ","$8,784.37 "
2/28/23 0:00,"$5,162.95 ","$3,800.26 ","$4,118.02 ","$2,092.69 ","$3,296.13 ","$1,094.09 ","$1,766.41 ","$2,582.52 ","$1,885.65 ","$1,782.14 ","$1,573.58 ","$1,354.92 ",$360.46 ,$251.16 ,$157.35 ,$387.55 ,$835.54 ,$255.52 ,$245.92 ,"$33,002.86 ","$16,501.43 ","$8,250.72 "
3/1/23 0:00,"$5,638.76 ","$3,955.57 ","$4,140.91 ","$2,454.90 ","$3,351.47 ","$1,560.51 ","$1,304.71 ","$2,917.17 ","$1,050.74 ","$1,887.08 ","$1,516.24 ","$1,200.93 ",$421.53 ,$244.87 ,$261.54 ,$482.59 ,$517.12 ,$232.24 ,$173.75 ,"$33,312.63 ","$16,656.31 ","$8,328.16 "
3/2/23 0:00,"$5,490.31 ","$3,316.55 ","$4,862.67 ","$2,871.97 ","$3,511.81 ","$1,582.41 ","$1,872.56 ","$2,654.26 ","$1,982.22 ","$1,002.01 ","$1,562.81 ","$1,526.05 ",$424.89 ,$294.48 ,$227.19 ,$460.35 ,$620.80 ,$167.37 ,$341.54 ,"$34,772.25 ","$17,386.13 ","$8,693.06 "
3/3/23 0:00,"$5,989.41 ","$3,826.81 ","$4,254.29 ","$2,448.28 ","$3,008.19 ","$1,201.23 ","$1,062.56 ","$2,310.13 ","$1,426.46 ","$1,973.63 ","$1,856.34 ","$1,531.21 ",$210.48 ,$259.95 ,$307.85 ,$432.97 ,$515.51 ,$241.70 ,$177.30 ,"$33,034.30 ","$16,517.15 ","$8,258.57 "
3/4/23 0:00,"$5,065.30 ","$3,103.99 ","$4,665.95 ","$2,014.35 ","$3,174.84 ","$1,448.20 ","$1,493.47 ","$2,175.50 ","$1,192.98 ","$1,344.12 ","$1,505.27 ","$1,910.07 ",$358.24 ,$224.69 ,$195.71 ,$355.39 ,$614.84 ,$217.92 ,$266.15 ,"$31,326.98 ","$15,663.49 ","$7,831.74 "
3/5/23 0:00,"$5,783.23 ","$3,633.98 ","$4,816.73 ","$2,611.49 ","$3,936.06 ","$1,472.08 ","$1,654.68 ","$2,604.31 ","$1,970.02 ","$1,399.13 ","$1,739.13 ","$1,005.74 ",$434.83 ,$251.73 ,$271.79 ,$516.80 ,$579.67 ,$332.94 ,$257.87 ,"$35,272.21 ","$17,636.11 ","$8,818.05 "
3/6/23 0:00,"$5,288.40 ","$3,751.03 ","$4,607.18 ","$2,995.83 ","$3,029.44 ","$1,011.34 ","$1,312.19 ","$2,736.17 ","$1,825.18 ","$1,367.68 ","$1,776.53 ","$1,855.55 ",$317.74 ,$257.26 ,$203.92 ,$408.03 ,$568.65 ,$328.83 ,$192.00 ,"$33,832.95 ","$16,916.47 ","$8,458.24 "
3/7/23 0:00,"$5,241.42 ","$3,155.98 ","$4,957.49 ","$2,817.25 ","$3,100.98 ","$1,142.52 ","$1,069.17 ","$2,824.16 ","$1,929.72 ","$1,844.36 ","$1,906.13 ","$1,608.24 ",$438.50 ,$255.23 ,$196.93 ,$422.96 ,$534.78 ,$271.13 ,$176.71 ,"$33,893.66 ","$16,946.83 ","$8,473.41 "
3/8/23 0:00,"$5,662.50 ","$3,426.00 ","$4,708.88 ","$2,617.24 ","$3,420.65 ","$1,624.30 ","$1,257.16 ","$2,285.29 ","$1,523.15 ","$1,736.79 ","$1,723.30 ","$1,939.64 ",$484.64 ,$240.57 ,$215.57 ,$441.11 ,$409.89 ,$292.54 ,$334.16 ,"$34,343.38 ","$17,171.69 ","$8,585.85 "
3/9/23 0:00,"$5,246.06 ","$3,892.71 ","$4,112.75 ","$2,914.40 ","$3,731.45 ","$1,992.82 ","$1,483.77 ","$2,902.00 ","$1,747.74 ","$1,178.91 ","$1,502.74 ","$1,745.22 ",$619.76 ,$214.64 ,$162.72 ,$458.99 ,$763.41 ,$267.62 ,$174.66 ,"$35,112.37 ","$17,556.19 ","$8,778.09 "
3/10/23 0:00,"$5,665.86 ","$3,103.58 ","$4,558.41 ","$2,813.58 ","$3,268.88 ","$1,650.39 ","$1,318.11 ","$2,577.97 ","$1,519.46 ","$1,408.09 ","$1,609.39 ","$1,366.26 ",$587.37 ,$286.81 ,$299.28 ,$398.19 ,$602.95 ,$196.20 ,$208.82 ,"$33,439.60 ","$16,719.80 ","$8,359.90 "
3/11/23 0:00,"$5,517.31 ","$3,018.10 ","$4,718.19 ","$2,498.64 ","$3,305.97 ","$1,120.22 ","$1,415.67 ","$2,723.09 ","$1,539.45 ","$1,002.73 ","$1,523.78 ","$1,634.80 ",$328.31 ,$211.23 ,$326.26 ,$449.74 ,$516.89 ,$301.30 ,$261.04 ,"$32,412.72 ","$16,206.36 ","$8,103.18 "
3/12/23 0:00,"$5,424.09 ","$3,590.59 ","$4,801.96 ","$2,591.22 ","$3,305.47 ","$1,821.44 ","$1,093.12 ","$2,808.13 ","$1,951.50 ","$1,803.11 ","$1,990.48 ","$1,369.72 ",$264.36 ,$213.95 ,$153.40 ,$535.08 ,$484.71 ,$204.33 ,$290.33 ,"$34,696.99 ","$17,348.50 ","$8,674.25 "
3/13/23 0:00,"$5,554.69 ","$3,435.53 ","$4,026.32 ","$2,731.29 ","$3,872.60 ","$1,431.54 ","$1,014.27 ","$2,931.28 ","$1,738.36 ","$1,236.28 ","$1,819.21 ","$1,921.57 ",$200.65 ,$214.92 ,$280.49 ,$390.34 ,$471.06 ,$223.13 ,$207.34 ,"$33,700.87 ","$16,850.43 ","$8,425.22 "
3/14/23 0:00,"$5,287.05 ","$3,798.69 ","$4,718.88 ","$2,846.43 ","$3,226.10 ","$1,083.70 ","$1,877.61 ","$2,289.99 ","$1,566.78 ","$1,083.02 ","$1,500.96 ","$1,019.68 ",$399.31 ,$203.94 ,$262.58 ,$460.11 ,$827.06 ,$318.58 ,$157.44 ,"$32,927.91 ","$16,463.96 ","$8,231.98 "
3/15/23 0:00,"$5,706.57 ","$3,923.46 ","$4,825.68 ","$2,058.18 ","$3,562.40 ","$1,599.82 ","$1,078.11 ","$2,392.47 ","$1,392.74 ","$1,660.77 ","$1,519.26 ","$1,554.79 ",$627.68 ,$285.77 ,$331.08 ,$544.62 ,$668.51 ,$223.01 ,$274.96 ,"$34,229.88 ","$17,114.94 ","$8,557.47 "
3/16/23 0:00,"$5,414.86 ","$3,299.15 ","$4,746.83 ","$2,774.80 ","$3,999.93 ","$1,228.05 ","$1,292.82 ","$2,899.97 ","$1,164.33 ","$1,219.10 ","$1,612.76 ","$1,507.33 ",$280.70 ,$289.17 ,$287.07 ,$445.95 ,$518.09 ,$159.63 ,$258.55 ,"$33,399.09 ","$16,699.54 ","$8,349.77 "
3/17/23 0:00,"$5,360.55 ","$3,388.40 ","$4,512.35 ","$2,447.50 ","$3,728.47 ","$1,416.78 ","$1,664.05 ","$2,834.48 ","$1,115.73 ","$1,549.01 ","$1,889.43 ","$1,190.14 ",$343.36 ,$212.26 ,$233.72 ,$531.02 ,$517.56 ,$154.76 ,$161.54 ,"$33,251.11 ","$16,625.56 ","$8,312.78 "
3/18/23 0:00,"$5,828.66 ","$3,486.27 ","$4,458.02 ","$2,660.80 ","$3,336.35 ","$1,318.29 ","$1,844.50 ","$2,399.14 ","$1,299.67 ","$1,161.20 ","$1,699.51 ","$1,428.15 ",$471.60 ,$246.16 ,$265.64 ,$357.60 ,$847.06 ,$296.25 ,$260.91 ,"$33,665.78 ","$16,832.89 ","$8,416.44 "
3/19/23 0:00,"$5,924.97 ","$3,588.15 ","$4,549.42 ","$2,764.63 ","$3,765.46 ","$1,642.85 ","$1,321.26 ","$2,467.34 ","$1,692.80 ","$1,790.11 ","$1,752.68 ","$1,296.89 ",$496.91 ,$239.32 ,$175.44 ,$454.78 ,$690.11 ,$159.05 ,$215.44 ,"$34,987.61 ","$17,493.81 ","$8,746.90 "
3/20/23 0:00,"$5,046.01 ","$3,983.85 ","$4,704.64 ","$2,539.50 ","$3,953.92 ","$1,431.03 ","$1,652.07 ","$2,717.15 ","$1,191.55 ","$1,981.97 ","$1,936.25 ","$1,670.41 ",$473.61 ,$212.62 ,$182.43 ,$350.57 ,$473.46 ,$349.14 ,$312.08 ,"$35,162.26 ","$17,581.13 ","$8,790.56 "
3/21/23 0:00,"$5,232.63 ","$3,697.33 ","$4,922.91 ","$2,158.51 ","$3,373.54 ","$1,103.98 ","$1,472.13 ","$2,061.25 ","$1,131.46 ","$1,107.49 ","$1,945.62 ","$1,753.13 ",$201.27 ,$286.44 ,$194.77 ,$404.20 ,$758.58 ,$348.56 ,$220.92 ,"$32,374.72 ","$16,187.36 ","$8,093.68 "
3/22/23 0:00,"$5,348.52 ","$3,389.55 ","$4,617.04 ","$2,409.53 ","$3,708.01 ","$1,215.68 ","$1,051.01 ","$2,367.32 ","$1,077.76 ","$1,841.41 ","$1,713.92 ","$1,771.40 ",$585.36 ,$286.41 ,$246.62 ,$533.33 ,$596.61 ,$233.92 ,$262.41 ,"$33,255.81 ","$16,627.91 ","$8,313.95 "
3/23/23 0:00,"$5,814.97 ","$3,263.77 ","$4,887.83 ","$2,076.87 ","$3,075.80 ","$1,500.45 ","$1,408.36 ","$2,206.23 ","$1,846.25 ","$1,489.79 ","$1,880.08 ","$1,394.35 ",$650.15 ,$274.08 ,$203.36 ,$433.09 ,$701.01 ,$199.52 ,$253.96 ,"$33,559.92 ","$16,779.96 ","$8,389.98 "
3/24/23 0:00,"$5,985.49 ","$3,944.63 ","$4,701.26 ","$2,689.30 ","$3,895.30 ","$1,789.18 ","$1,029.85 ","$2,518.80 ","$1,241.19 ","$1,051.41 ","$1,617.09 ","$1,191.39 ",$326.39 ,$216.66 ,$170.11 ,$442.61 ,$664.50 ,$311.52 ,$338.39 ,"$34,125.07 ","$17,062.53 ","$8,531.27 "
3/25/23 0:00,"$5,968.97 ","$3,135.55 ","$4,068.34 ","$2,953.71 ","$3,096.26 ","$1,009.74 ","$1,964.19 ","$2,772.10 ","$1,200.85 ","$1,521.31 ","$1,587.59 ","$1,294.05 ",$266.61 ,$226.36 ,$253.70 ,$430.61 ,$464.20 ,$296.05 ,$268.65 ,"$32,778.84 ","$16,389.42 ","$8,194.71 "
3/26/23 0:00,"$5,904.95 ","$3,720.27 ","$4,500.83 ","$2,795.25 ","$3,372.93 ","$1,612.43 ","$1,762.18 ","$2,129.92 ","$1,390.85 ","$1,481.92 ","$1,988.15 ","$1,534.73 ",$584.23 ,$219.23 ,$289.57 ,$497.89 ,$455.46 ,$338.01 ,$280.16 ,"$34,858.96 ","$17,429.48 ","$8,714.74 "
3/27/23 0:00,"$5,296.56 ","$3,925.40 ","$4,286.49 ","$2,389.79 ","$3,542.51 ","$1,115.88 ","$1,339.29 ","$2,986.73 ","$1,629.49 ","$1,891.41 ","$1,819.10 ","$1,615.30 ",$565.02 ,$283.25 ,$169.29 ,$429.63 ,$739.89 ,$193.45 ,$235.20 ,"$34,453.68 ","$17,226.84 ","$8,613.42 "
3/28/23 0:00,"$5,992.01 ","$3,664.67 ","$4,285.17 ","$2,584.29 ","$3,263.58 ","$1,604.05 ","$1,234.74 ","$2,467.11 ","$1,586.26 ","$1,340.39 ","$1,828.64 ","$1,794.87 ",$596.52 ,$246.76 ,$295.79 ,$452.20 ,$507.85 ,$339.55 ,$177.14 ,"$34,261.59 ","$17,130.79 ","$8,565.40 "
3/29/23 0:00,"$5,249.42 ","$3,423.05 ","$4,355.93 ","$2,304.20 ","$3,649.27 ","$1,836.81 ","$1,400.33 ","$2,773.02 ","$1,923.66 ","$1,757.49 ","$1,938.92 ","$1,719.74 ",$659.47 ,$215.04 ,$154.73 ,$362.69 ,$720.76 ,$269.72 ,$244.09 ,"$34,958.34 ","$17,479.17 ","$8,739.59 "
3/30/23 0:00,"$5,105.91 ","$3,198.99 ","$4,314.73 ","$2,541.05 ","$3,554.43 ","$1,228.48 ","$1,316.16 ","$2,352.42 ","$1,681.97 ","$1,132.31 ","$1,513.52 ","$1,174.37 ",$222.12 ,$201.01 ,$289.79 ,$492.66 ,$410.38 ,$260.56 ,$294.62 ,"$31,285.48 ","$15,642.74 ","$7,821.37 "
3/31/23 0:00,"$5,950.95 ","$3,367.48 ","$4,578.61 ","$2,300.73 ","$3,717.19 ","$1,495.51 ","$1,370.79 ","$2,488.14 ","$1,561.97 ","$1,388.50 ","$1,642.94 ","$1,743.99 ",$468.52 ,$227.85 ,$340.62 ,$456.86 ,$839.15 ,$274.86 ,$252.03 ,"$34,466.69 ","$17,233.34 ","$8,616.67 "
4/1/23 0:00,"$5,233.42 ","$3,706.87 ","$4,683.60 ","$2,738.32 ","$3,354.14 ","$1,774.05 ","$1,918.71 ","$2,964.86 ","$1,711.60 ","$1,539.36 ","$1,859.59 ","$1,115.11 ",$594.54 ,$297.41 ,$241.35 ,$544.71 ,$625.22 ,$204.20 ,$270.91 ,"$35,377.97 ","$17,688.98 ","$8,844.49 "
4/2/23 0:00,"$5,689.77 ","$3,649.53 ","$4,268.75 ","$2,259.34 ","$3,546.01 ","$1,175.58 ","$1,404.53 ","$2,690.26 ","$1,663.72 ","$1,181.52 ","$1,727.31 ","$1,917.75 ",$450.62 ,$203.17 ,$163.18 ,$524.23 ,$592.92 ,$224.19 ,$309.48 ,"$33,641.86 ","$16,820.93 ","$8,410.47 "
4/3/23 0:00,"$5,058.36 ","$3,927.98 ","$4,129.76 ","$2,964.02 ","$3,812.19 ","$1,152.56 ","$1,741.40 ","$2,025.65 ","$1,767.48 ","$1,197.77 ","$1,971.43 ","$1,689.77 ",$476.07 ,$291.15 ,$206.54 ,$419.09 ,$757.74 ,$326.87 ,$151.66 ,"$34,067.49 ","$17,033.75 ","$8,516.87 "
4/4/23 0:00,"$5,730.71 ","$3,866.86 ","$4,058.81 ","$2,661.95 ","$3,810.70 ","$1,905.05 ","$1,156.81 ","$2,231.98 ","$1,572.43 ","$1,245.34 ","$1,725.29 ","$1,111.91 ",$483.31 ,$205.79 ,$179.50 ,$424.49 ,$584.57 ,$281.66 ,$260.69 ,"$33,497.85 ","$16,748.93 ","$8,374.46 "
4/5/23 0:00,"$5,881.72 ","$3,816.15 ","$4,575.75 ","$2,068.78 ","$3,714.24 ","$1,694.65 ","$1,533.68 ","$2,259.26 ","$1,807.29 ","$1,742.80 ","$1,563.52 ","$1,836.58 ",$205.19 ,$267.18 ,$250.19 ,$482.06 ,$709.22 ,$322.84 ,$293.55 ,"$35,024.65 ","$17,512.32 ","$8,756.16 "
4/6/23 0:00,"$5,272.44 ","$3,911.45 ","$4,186.13 ","$2,010.78 ","$3,541.94 ","$1,736.57 ","$1,493.73 ","$2,958.91 ","$1,900.06 ","$1,943.49 ","$1,953.65 ","$1,678.42 ",$652.14 ,$234.97 ,$186.16 ,$441.69 ,$410.82 ,$207.39 ,$343.96 ,"$35,064.70 ","$17,532.35 ","$8,766.18 "
4/7/23 0:00,"$5,379.06 ","$3,276.34 ","$4,009.25 ","$2,997.05 ","$3,673.26 ","$1,843.97 ","$1,591.23 ","$2,769.57 ","$1,696.48 ","$1,127.16 ","$1,502.56 ","$1,711.90 ",$305.39 ,$245.55 ,$349.28 ,$460.92 ,$812.95 ,$164.67 ,$319.37 ,"$34,235.96 ","$17,117.98 ","$8,558.99 "
4/8/23 0:00,"$5,374.30 ","$3,369.52 ","$4,927.75 ","$2,220.51 ","$3,086.88 ","$1,539.43 ","$1,679.89 ","$2,678.63 ","$1,357.62 ","$1,547.94 ","$1,879.38 ","$1,487.43 ",$212.73 ,$222.11 ,$233.91 ,$544.19 ,$646.67 ,$177.03 ,$305.35 ,"$33,491.27 ","$16,745.63 ","$8,372.82 "
4/9/23 0:00,"$5,748.79 ","$3,379.89 ","$4,537.14 ","$2,312.56 ","$3,471.32 ","$1,488.41 ","$1,861.02 ","$2,069.65 ","$1,279.98 ","$1,147.10 ","$1,504.17 ","$1,604.71 ",$516.72 ,$233.85 ,$227.47 ,$368.13 ,$727.88 ,$201.66 ,$216.00 ,"$32,896.45 ","$16,448.22 ","$8,224.11 "
4/10/23 0:00,"$5,237.81 ","$3,560.45 ","$4,092.45 ","$2,208.41 ","$3,860.14 ","$1,556.26 ","$1,229.97 ","$2,803.81 ","$1,637.19 ","$1,054.26 ","$1,731.61 ","$1,428.11 ",$480.09 ,$230.81 ,$162.83 ,$468.96 ,$823.79 ,$248.85 ,$248.57 ,"$33,064.37 ","$16,532.19 ","$8,266.09 "
4/11/23 0:00,"$5,171.85 ","$3,668.22 ","$4,842.92 ","$2,928.10 ","$3,607.36 ","$1,717.02 ","$1,381.53 ","$2,181.67 ","$1,631.43 ","$1,039.46 ","$1,602.77 ","$1,567.51 ",$263.88 ,$270.89 ,$269.72 ,$485.52 ,$589.14 ,$188.35 ,$277.70 ,"$33,685.04 ","$16,842.52 ","$8,421.26 "
4/12/23 0:00,"$5,449.29 ","$3,286.72 ","$4,983.20 ","$2,652.01 ","$3,941.68 ","$1,390.94 ","$1,057.18 ","$2,148.78 ","$1,023.91 ","$1,428.91 ","$1,975.83 ","$1,789.79 ",$699.15 ,$287.13 ,$174.86 ,$393.87 ,$446.94 ,$285.72 ,$339.94 ,"$33,755.85 ","$16,877.93 ","$8,438.96 "
4/13/23 0:00,"$5,304.47 ","$3,019.46 ","$4,448.60 ","$2,504.39 ","$3,262.18 ","$1,095.17 ","$1,624.18 ","$2,868.85 ","$1,747.11 ","$1,425.32 ","$1,698.37 ","$1,199.76 ",$395.75 ,$240.93 ,$202.35 ,$467.22 ,$415.18 ,$305.63 ,$348.79 ,"$32,573.71 ","$16,286.85 ","$8,143.43 "
4/14/23 0:00,"$5,839.19 ","$3,399.22 ","$4,042.49 ","$2,557.65 ","$3,096.30 ","$1,135.60 ","$1,934.76 ","$2,005.04 ","$1,221.87 ","$1,664.19 ","$1,515.48 ","$1,875.90 ",$333.00 ,$281.62 ,$209.83 ,$504.99 ,$612.95 ,$292.62 ,$308.37 ,"$32,831.07 ","$16,415.54 ","$8,207.77 "
4/15/23 0:00,"$5,237.74 ","$3,308.53 ","$4,117.55 ","$2,317.87 ","$3,626.61 ","$1,973.90 ","$1,396.20 ","$2,063.28 ","$1,054.49 ","$1,389.93 ","$1,888.40 ","$1,306.01 ",$250.60 ,$201.15 ,$169.62 ,$407.10 ,$658.89 ,$295.57 ,$270.99 ,"$31,934.43 ","$15,967.22 ","$7,983.61 "
4/16/23 0:00,"$5,502.39 ","$3,942.18 ","$4,381.65 ","$2,614.18 ","$3,090.93 ","$1,051.72 ","$1,971.75 ","$2,919.41 ","$1,153.20 ","$1,229.72 ","$1,658.29 ","$1,147.57 ",$467.27 ,$278.77 ,$316.00 ,$545.40 ,$558.34 ,$264.04 ,$349.17 ,"$33,441.98 ","$16,720.99 ","$8,360.50 "
4/17/23 0:00,"$5,942.58 ","$3,888.27 ","$4,885.52 ","$2,419.60 ","$3,782.14 ","$1,711.62 ","$1,597.88 ","$2,251.56 ","$1,656.78 ","$1,096.30 ","$1,819.73 ","$1,634.55 ",$282.14 ,$252.60 ,$172.11 ,$376.05 ,$619.60 ,$298.89 ,$317.27 ,"$35,005.19 ","$17,502.59 ","$8,751.30 "
4/18/23 0:00,"$5,634.00 ","$3,860.31 ","$4,148.04 ","$2,199.23 ","$3,256.74 ","$1,943.68 ","$1,211.25 ","$2,774.34 ","$1,523.05 ","$1,571.16 ","$1,702.61 ","$1,524.41 ",$272.84 ,$283.37 ,$246.60 ,$444.79 ,$457.04 ,$326.96 ,$253.18 ,"$33,633.60 ","$16,816.80 ","$8,408.40 "
4/19/23 0:00,"$5,867.29 ","$3,653.00 ","$4,823.99 ","$2,656.61 ","$3,538.75 ","$1,129.26 ","$1,529.53 ","$2,657.17 ","$1,846.94 ","$1,217.34 ","$1,719.26 ","$1,291.53 ",$563.75 ,$222.40 ,$207.81 ,$495.77 ,$472.85 ,$277.81 ,$256.10 ,"$34,427.16 ","$17,213.58 ","$8,606.79 "
4/20/23 0:00,"$5,940.21 ","$3,344.29 ","$4,014.98 ","$2,373.84 ","$3,811.38 ","$1,722.26 ","$1,640.05 ","$2,112.23 ","$1,106.25 ","$1,377.15 ","$1,631.90 ","$1,628.17 ",$233.43 ,$237.67 ,$197.31 ,$438.04 ,$806.59 ,$338.68 ,$214.08 ,"$33,168.51 ","$16,584.26 ","$8,292.13 "
4/21/23 0:00,"$5,750.76 ","$3,548.85 ","$4,457.39 ","$2,785.07 ","$3,788.04 ","$1,302.46 ","$1,666.27 ","$2,794.93 ","$1,829.52 ","$1,017.53 ","$1,894.17 ","$1,714.35 ",$556.58 ,$269.77 ,$194.66 ,$452.90 ,$479.67 ,$261.99 ,$216.91 ,"$34,981.82 ","$17,490.91 ","$8,745.46 "
4/22/23 0:00,"$5,699.58 ","$3,815.23 ","$4,644.40 ","$2,415.39 ","$3,495.98 ","$1,236.97 ","$1,638.04 ","$2,207.39 ","$1,650.92 ","$1,249.04 ","$1,731.86 ","$1,272.59 ",$234.82 ,$284.84 ,$283.97 ,$444.96 ,$641.77 ,$283.50 ,$309.26 ,"$33,540.51 ","$16,770.26 ","$8,385.13 "
4/23/23 0:00,"$5,967.97 ","$3,098.61 ","$4,060.38 ","$2,508.27 ","$3,975.85 ","$1,852.62 ","$1,189.61 ","$2,695.43 ","$1,214.93 ","$1,651.00 ","$1,519.81 ","$1,116.64 ",$397.16 ,$247.83 ,$308.76 ,$360.72 ,$547.68 ,$245.18 ,$190.06 ,"$33,148.51 ","$16,574.25 ","$8,287.13 "
4/24/23 0:00,"$5,994.40 ","$3,801.07 ","$4,614.76 ","$2,787.47 ","$3,497.63 ","$1,909.35 ","$1,208.31 ","$2,380.85 ","$1,736.91 ","$1,123.14 ","$1,972.38 ","$1,510.31 ",$262.47 ,$284.64 ,$231.78 ,$414.30 ,$827.11 ,$260.20 ,$249.23 ,"$35,066.31 ","$17,533.16 ","$8,766.58 "
4/25/23 0:00,"$5,451.82 ","$3,041.18 ","$4,944.40 ","$2,447.88 ","$3,278.79 ","$1,347.05 ","$1,241.46 ","$2,544.76 ","$1,741.33 ","$1,661.36 ","$1,748.46 ","$1,282.98 ",$692.33 ,$254.83 ,$213.71 ,$366.58 ,$443.90 ,$300.90 ,$282.30 ,"$33,286.02 ","$16,643.01 ","$8,321.51 "
4/26/23 0:00,"$5,070.87 ","$3,816.42 ","$4,160.26 ","$2,966.22 ","$3,302.43 ","$1,632.65 ","$1,732.99 ","$2,946.21 ","$1,108.00 ","$1,860.42 ","$1,742.99 ","$1,325.23 ",$318.12 ,$299.14 ,$296.21 ,$502.06 ,$503.60 ,$349.67 ,$323.29 ,"$34,256.78 ","$17,128.39 ","$8,564.20 "
4/27/23 0:00,"$5,292.79 ","$3,807.56 ","$4,729.61 ","$2,793.03 ","$3,743.64 ","$1,175.94 ","$1,499.35 ","$2,259.18 ","$1,266.45 ","$1,869.37 ","$1,673.23 ","$1,493.97 ",$382.23 ,$290.47 ,$203.83 ,$445.52 ,$534.65 ,$159.52 ,$287.30 ,"$33,907.64 ","$16,953.82 ","$8,476.91 "
4/28/23 0:00,"$5,152.35 ","$3,051.01 ","$4,609.09 ","$2,826.43 ","$3,437.11 ","$1,789.76 ","$1,671.26 ","$2,301.10 ","$1,638.86 ","$1,157.40 ","$1,817.57 ","$1,731.20 ",$305.67 ,$238.56 ,$324.09 ,$431.43 ,$562.56 ,$259.37 ,$195.19 ,"$33,500.01 ","$16,750.00 ","$8,375.00 "
4/29/23 0:00,"$5,417.49 ","$3,627.16 ","$4,185.12 ","$2,953.92 ","$3,418.79 ","$1,881.24 ","$1,799.36 ","$2,292.53 ","$1,380.57 ","$1,467.33 ","$1,700.77 ","$1,014.96 ",$471.94 ,$295.55 ,$208.78 ,$502.19 ,$443.40 ,$231.88 ,$223.30 ,"$33,516.28 ","$16,758.14 ","$8,379.07 "
4/30/23 0:00,"$5,131.29 ","$3,502.45 ","$4,006.20 ","$2,388.85 ","$3,020.49 ","$1,318.67 ","$1,564.07 ","$2,370.02 ","$1,765.24 ","$1,894.56 ","$1,874.74 ","$1,478.22 ",$661.13 ,$276.53 ,$160.25 ,$481.42 ,$469.60 ,$335.89 ,$197.46 ,"$32,897.08 ","$16,448.54 ","$8,224.27 "
5/1/23 0:00,"$5,604.12 ","$3,169.82 ","$4,009.28 ","$2,580.08 ","$3,305.28 ","$1,652.97 ","$1,471.14 ","$2,576.62 ","$1,536.04 ","$1,729.93 ","$1,938.29 ","$1,123.49 ",$441.33 ,$252.55 ,$244.07 ,$432.65 ,$789.51 ,$180.98 ,$242.10 ,"$33,280.25 ","$16,640.13 ","$8,320.06 "
5/2/23 0:00,"$5,382.81 ","$3,148.38 ","$4,532.09 ","$2,693.59 ","$3,860.38 ","$1,876.42 ","$1,402.52 ","$2,800.25 ","$1,857.00 ","$1,866.39 ","$1,744.87 ","$1,853.23 ",$571.07 ,$299.10 ,$209.98 ,$376.78 ,$616.36 ,$314.74 ,$156.96 ,"$35,562.92 ","$17,781.46 ","$8,890.73 "
5/3/23 0:00,"$5,895.39 ","$3,773.26 ","$4,942.78 ","$2,673.46 ","$3,803.50 ","$1,015.37 ","$1,536.26 ","$2,893.11 ","$1,111.03 ","$1,386.89 ","$1,826.28 ","$1,259.78 ",$377.44 ,$269.50 ,$243.19 ,$446.52 ,$471.97 ,$176.08 ,$240.38 ,"$34,342.19 ","$17,171.09 ","$8,585.55 "
5/4/23 0:00,"$5,967.79 ","$3,567.69 ","$4,644.30 ","$2,952.94 ","$3,746.51 ","$1,855.74 ","$1,149.58 ","$2,061.19 ","$1,733.75 ","$1,499.01 ","$1,647.77 ","$1,404.00 ",$341.19 ,$219.46 ,$208.41 ,$388.49 ,$812.73 ,$304.57 ,$171.72 ,"$34,676.84 ","$17,338.42 ","$8,669.21 "
5/5/23 0:00,"$5,546.88 ","$3,983.00 ","$4,714.30 ","$2,288.35 ","$3,023.13 ","$1,572.11 ","$1,786.45 ","$2,650.10 ","$1,464.64 ","$1,895.11 ","$1,812.70 ","$1,047.42 ",$249.30 ,$211.40 ,$347.40 ,$433.90 ,$725.61 ,$328.55 ,$271.22 ,"$34,351.57 ","$17,175.79 ","$8,587.89 "
5/6/23 0:00,"$5,274.82 ","$3,982.25 ","$4,493.87 ","$2,291.36 ","$3,026.99 ","$1,414.02 ","$1,912.76 ","$2,592.40 ","$1,519.39 ","$1,429.01 ","$1,817.62 ","$1,149.14 ",$684.95 ,$226.21 ,$344.91 ,$526.15 ,$514.30 ,$299.30 ,$313.08 ,"$33,812.53 ","$16,906.27 ","$8,453.13 "
5/7/23 0:00,"$5,592.23 ","$3,992.67 ","$4,581.89 ","$2,918.00 ","$3,311.46 ","$1,522.62 ","$1,812.37 ","$2,600.94 ","$1,284.05 ","$1,670.17 ","$1,755.99 ","$1,001.79 ",$389.26 ,$273.55 ,$273.51 ,$405.18 ,$794.44 ,$339.89 ,$322.82 ,"$34,842.83 ","$17,421.41 ","$8,710.71 "
5/8/23 0:00,"$5,896.76 ","$3,118.62 ","$4,126.37 ","$2,799.31 ","$3,474.45 ","$1,824.06 ","$1,821.90 ","$2,793.33 ","$1,269.06 ","$1,424.59 ","$1,579.92 ","$1,360.04 ",$636.81 ,$255.04 ,$331.31 ,$436.74 ,$732.08 ,$270.06 ,$337.19 ,"$34,487.64 ","$17,243.82 ","$8,621.91 "
5/9/23 0:00,"$5,406.73 ","$3,938.26 ","$4,876.82 ","$2,203.36 ","$3,909.74 ","$1,722.13 ","$1,829.40 ","$2,937.86 ","$1,189.80 ","$1,708.01 ","$1,862.65 ","$1,810.69 ",$509.85 ,$239.72 ,$212.59 ,$356.30 ,$847.61 ,$206.19 ,$344.86 ,"$36,112.57 ","$18,056.28 ","$9,028.14 "
5/10/23 0:00,"$5,552.08 ","$3,244.57 ","$4,760.79 ","$2,570.05 ","$3,384.63 ","$1,501.26 ","$1,175.65 ","$2,748.26 ","$1,373.35 ","$1,613.22 ","$1,659.83 ","$1,575.78 ",$539.11 ,$275.84 ,$307.58 ,$528.81 ,$435.48 ,$323.48 ,$159.13 ,"$33,728.90 ","$16,864.45 ","$8,432.23 "
5/11/23 0:00,"$5,271.65 ","$3,458.21 ","$4,998.20 ","$2,745.76 ","$3,288.53 ","$1,487.65 ","$1,995.81 ","$2,171.62 ","$1,238.99 ","$1,441.60 ","$1,694.11 ","$1,839.91 ",$428.63 ,$202.38 ,$303.01 ,$365.91 ,$678.77 ,$299.94 ,$330.51 ,"$34,241.19 ","$17,120.60 ","$8,560.30 "
5/12/23 0:00,"$5,455.44 ","$3,757.41 ","$4,297.72 ","$2,353.04 ","$3,571.15 ","$1,899.26 ","$1,657.19 ","$2,954.65 ","$1,189.73 ","$1,549.02 ","$1,925.77 ","$1,175.46 ",$363.62 ,$281.36 ,$221.06 ,$476.89 ,$517.13 ,$317.69 ,$258.30 ,"$34,221.89 ","$17,110.95 ","$8,555.47 "
5/13/23 0:00,"$5,401.71 ","$3,203.62 ","$4,227.02 ","$2,434.38 ","$3,914.69 ","$1,232.34 ","$1,420.93 ","$2,865.21 ","$1,961.80 ","$1,598.15 ","$1,840.56 ","$1,677.34 ",$436.85 ,$274.83 ,$294.29 ,$544.29 ,$468.66 ,$255.81 ,$312.24 ,"$34,364.72 ","$17,182.36 ","$8,591.18 "
5/14/23 0:00,"$5,248.41 ","$3,566.31 ","$4,125.16 ","$2,575.40 ","$3,738.64 ","$1,095.70 ","$1,888.02 ","$2,299.66 ","$1,447.41 ","$1,879.06 ","$1,541.34 ","$1,745.86 ",$583.19 ,$218.02 ,$168.72 ,$532.62 ,$530.48 ,$318.46 ,$235.29 ,"$33,737.75 ","$16,868.88 ","$8,434.44 "
5/15/23 0:00,"$5,505.87 ","$3,185.82 ","$4,964.21 ","$2,467.11 ","$3,856.67 ","$1,678.64 ","$1,582.35 ","$2,122.25 ","$1,678.12 ","$1,676.87 ","$1,782.69 ","$1,344.00 ",$656.05 ,$238.90 ,$196.52 ,$356.19 ,$727.07 ,$173.03 ,$172.57 ,"$34,364.93 ","$17,182.46 ","$8,591.23 "
5/16/23 0:00,"$5,310.38 ","$3,104.74 ","$4,780.89 ","$2,753.04 ","$3,182.20 ","$1,702.21 ","$1,993.62 ","$2,805.99 ","$1,374.15 ","$1,713.75 ","$1,543.46 ","$1,114.30 ",$447.65 ,$203.76 ,$191.98 ,$404.04 ,$682.92 ,$333.93 ,$252.42 ,"$33,895.43 ","$16,947.72 ","$8,473.86 "
5/17/23 0:00,"$5,373.03 ","$3,116.56 ","$4,166.32 ","$2,005.94 ","$3,125.66 ","$1,568.39 ","$1,752.07 ","$2,976.35 ","$1,569.79 ","$1,969.93 ","$1,822.73 ","$1,742.20 ",$465.43 ,$201.18 ,$275.15 ,$371.54 ,$541.17 ,$195.18 ,$254.87 ,"$33,493.49 ","$16,746.75 ","$8,373.37 "
5/18/23 0:00,"$5,524.97 ","$3,357.64 ","$4,552.69 ","$2,434.63 ","$3,544.07 ","$1,262.54 ","$1,367.51 ","$2,127.49 ","$1,499.20 ","$1,067.66 ","$1,697.33 ","$1,521.47 ",$566.23 ,$299.63 ,$190.35 ,$431.10 ,$447.09 ,$307.11 ,$237.14 ,"$32,435.85 ","$16,217.92 ","$8,108.96 "
5/19/23 0:00,"$5,750.60 ","$3,004.65 ","$4,413.77 ","$2,337.58 ","$3,697.37 ","$1,295.95 ","$1,742.56 ","$2,651.36 ","$1,612.69 ","$1,187.61 ","$1,906.50 ","$1,469.73 ",$679.67 ,$248.82 ,$206.71 ,$440.55 ,$455.72 ,$150.20 ,$174.27 ,"$33,426.31 ","$16,713.15 ","$8,356.58 "
5/20/23 0:00,"$5,333.51 ","$3,424.85 ","$4,151.49 ","$2,609.16 ","$3,954.99 ","$1,617.04 ","$1,730.11 ","$2,009.84 ","$1,722.73 ","$1,318.12 ","$1,890.09 ","$1,837.11 ",$528.91 ,$237.20 ,$204.47 ,$383.44 ,$674.59 ,$335.95 ,$157.15 ,"$34,120.75 ","$17,060.38 ","$8,530.19 "
5/21/23 0:00,"$5,924.16 ","$3,664.20 ","$4,162.07 ","$2,775.96 ","$3,371.53 ","$1,272.96 ","$1,312.99 ","$2,035.49 ","$1,663.91 ","$1,946.07 ","$1,999.85 ","$1,492.91 ",$625.02 ,$219.62 ,$338.67 ,$504.91 ,$613.79 ,$340.32 ,$157.31 ,"$34,421.74 ","$17,210.87 ","$8,605.44 "
5/22/23 0:00,"$5,862.32 ","$3,401.69 ","$4,963.47 ","$2,076.15 ","$3,346.56 ","$1,499.62 ","$1,884.18 ","$2,785.18 ","$1,762.10 ","$1,228.56 ","$1,649.59 ","$1,294.98 ",$402.06 ,$280.72 ,$339.60 ,$419.79 ,$566.90 ,$337.23 ,$172.51 ,"$34,273.21 ","$17,136.61 ","$8,568.30 "
5/23/23 0:00,"$5,048.69 ","$3,085.79 ","$4,304.96 ","$2,158.06 ","$3,515.85 ","$1,332.07 ","$1,140.76 ","$2,815.58 ","$1,146.30 ","$1,565.09 ","$1,587.54 ","$1,748.43 ",$289.74 ,$270.58 ,$316.33 ,$429.83 ,$443.54 ,$259.75 ,$155.63 ,"$31,614.52 ","$15,807.26 ","$7,903.63 "
5/24/23 0:00,"$5,253.64 ","$3,062.69 ","$4,941.44 ","$2,665.08 ","$3,684.94 ","$1,510.44 ","$1,365.27 ","$2,349.35 ","$1,094.03 ","$1,117.76 ","$1,592.66 ","$1,269.85 ",$552.36 ,$200.16 ,$240.30 ,$409.44 ,$622.01 ,$185.43 ,$287.60 ,"$32,404.45 ","$16,202.22 ","$8,101.11 "
5/25/23 0:00,"$5,446.14 ","$3,278.12 ","$4,075.61 ","$2,738.40 ","$3,566.02 ","$1,229.36 ","$1,636.27 ","$2,447.96 ","$1,338.90 ","$1,270.67 ","$1,799.46 ","$1,276.29 ",$322.53 ,$277.12 ,$248.01 ,$407.31 ,$519.12 ,$165.05 ,$337.45 ,"$32,379.79 ","$16,189.90 ","$8,094.95 "
5/26/23 0:00,"$5,104.63 ","$3,169.31 ","$4,460.80 ","$2,588.20 ","$3,723.03 ","$1,198.06 ","$1,479.14 ","$2,779.48 ","$1,481.83 ","$1,276.11 ","$1,667.27 ","$1,208.73 ",$642.92 ,$211.15 ,$224.92 ,$434.00 ,$793.12 ,$274.45 ,$192.25 ,"$32,909.40 ","$16,454.70 ","$8,227.35 "
5/27/23 0:00,"$5,348.48 ","$3,965.09 ","$4,129.62 ","$2,982.80 ","$3,380.31 ","$1,734.00 ","$1,678.16 ","$2,857.70 ","$1,224.40 ","$1,708.47 ","$1,953.43 ","$1,103.39 ",$239.36 ,$294.86 ,$242.17 ,$432.05 ,$712.30 ,$256.68 ,$325.68 ,"$34,568.95 ","$17,284.48 ","$8,642.24 "
5/28/23 0:00,"$5,740.10 ","$3,151.23 ","$4,004.79 ","$2,499.46 ","$3,862.20 ","$1,385.73 ","$1,997.35 ","$2,276.10 ","$1,773.22 ","$1,108.83 ","$1,539.68 ","$1,801.58 ",$437.97 ,$233.27 ,$178.30 ,$453.03 ,$587.84 ,$244.45 ,$254.85 ,"$33,529.98 ","$16,764.99 ","$8,382.49 "
5/29/23 0:00,"$5,680.51 ","$3,805.46 ","$4,553.77 ","$2,136.29 ","$3,182.98 ","$1,232.57 ","$1,078.00 ","$2,784.29 ","$1,719.56 ","$1,756.98 ","$1,882.41 ","$1,700.68 ",$418.19 ,$245.11 ,$204.20 ,$491.78 ,$813.78 ,$170.46 ,$165.14 ,"$34,022.16 ","$17,011.08 ","$8,505.54 "
5/30/23 0:00,"$5,622.38 ","$3,586.11 ","$4,113.89 ","$2,686.29 ","$3,315.90 ","$1,858.42 ","$1,758.97 ","$2,200.88 ","$1,913.58 ","$1,303.55 ","$1,744.86 ","$1,383.21 ",$631.18 ,$200.50 ,$187.02 ,$372.35 ,$651.57 ,$324.92 ,$324.70 ,"$34,180.28 ","$17,090.14 ","$8,545.07 "
5/31/23 0:00,"$5,710.53 ","$3,569.29 ","$4,722.02 ","$2,602.08 ","$3,773.68 ","$1,401.70 ","$1,817.42 ","$2,447.34 ","$1,728.96 ","$1,733.47 ","$1,818.72 ","$1,724.98 ",$684.39 ,$282.44 ,$326.18 ,$368.60 ,$773.11 ,$295.57 ,$244.44 ,"$36,024.92 ","$18,012.46 ","$9,006.23 "
6/1/23 0:00,"$5,204.92 ","$3,512.08 ","$4,698.12 ","$2,590.42 ","$3,335.67 ","$1,115.87 ","$1,282.20 ","$2,718.90 ","$1,107.15 ","$1,366.56 ","$1,793.91 ","$1,961.25 ",$676.81 ,$230.82 ,$287.99 ,$381.09 ,$667.02 ,$324.89 ,$341.91 ,"$33,597.58 ","$16,798.79 ","$8,399.40 "
6/2/23 0:00,"$5,341.70 ","$3,971.76 ","$4,176.33 ","$2,545.85 ","$3,668.15 ","$1,708.05 ","$1,255.16 ","$2,685.80 ","$1,664.99 ","$1,426.40 ","$1,765.13 ","$1,466.25 ",$227.46 ,$255.64 ,$176.67 ,$369.24 ,$824.46 ,$228.04 ,$151.43 ,"$33,908.51 ","$16,954.26 ","$8,477.13 "
6/3/23 0:00,"$5,676.24 ","$3,363.84 ","$4,941.74 ","$2,939.10 ","$3,287.80 ","$1,279.97 ","$1,441.36 ","$2,502.29 ","$1,412.06 ","$1,125.83 ","$1,849.17 ","$1,488.29 ",$695.38 ,$292.66 ,$236.08 ,$382.53 ,$439.97 ,$273.27 ,$217.65 ,"$33,845.23 ","$16,922.62 ","$8,461.31 "
6/4/23 0:00,"$5,879.23 ","$3,787.92 ","$4,721.04 ","$2,129.16 ","$3,187.10 ","$1,565.24 ","$1,393.86 ","$2,669.87 ","$1,259.61 ","$1,106.84 ","$1,772.85 ","$1,529.06 ",$533.98 ,$215.62 ,$215.13 ,$356.25 ,$750.10 ,$245.88 ,$190.93 ,"$33,509.67 ","$16,754.84 ","$8,377.42 "
6/5/23 0:00,"$5,543.68 ","$3,555.29 ","$4,297.97 ","$2,073.20 ","$3,300.73 ","$1,623.69 ","$1,507.82 ","$2,050.53 ","$1,601.95 ","$1,541.84 ","$1,961.24 ","$1,266.56 ",$326.14 ,$286.73 ,$152.99 ,$515.41 ,$418.65 ,$346.64 ,$153.42 ,"$32,524.48 ","$16,262.24 ","$8,131.12 "
6/6/23 0:00,"$5,282.70 ","$3,395.63 ","$4,709.23 ","$2,154.12 ","$3,886.99 ","$1,962.57 ","$1,211.58 ","$2,288.27 ","$1,302.19 ","$1,637.07 ","$1,775.84 ","$1,248.00 ",$388.52 ,$250.02 ,$297.89 ,$510.22 ,$448.28 ,$228.00 ,$217.57 ,"$33,194.69 ","$16,597.34 ","$8,298.67 "
6/7/23 0:00,"$5,030.24 ","$3,955.47 ","$4,731.93 ","$2,244.99 ","$3,460.88 ","$1,191.10 ","$1,493.80 ","$2,216.27 ","$1,530.86 ","$1,092.13 ","$1,959.83 ","$1,488.38 ",$644.35 ,$292.45 ,$238.04 ,$354.76 ,$763.66 ,$313.12 ,$249.34 ,"$33,251.60 ","$16,625.80 ","$8,312.90 "
6/8/23 0:00,"$5,710.34 ","$3,598.32 ","$4,342.23 ","$2,592.95 ","$3,225.42 ","$1,284.17 ","$1,812.75 ","$2,081.79 ","$1,575.98 ","$1,139.43 ","$1,903.17 ","$1,500.73 ",$658.03 ,$282.24 ,$222.33 ,$415.00 ,$726.77 ,$267.96 ,$254.71 ,"$33,594.32 ","$16,797.16 ","$8,398.58 "
6/9/23 0:00,"$5,007.88 ","$3,118.92 ","$4,375.59 ","$2,612.43 ","$3,321.44 ","$1,932.22 ","$1,882.88 ","$2,207.69 ","$1,529.07 ","$1,032.44 ","$1,923.77 ","$1,289.28 ",$260.94 ,$244.30 ,$186.43 ,$475.30 ,$667.65 ,$212.93 ,$305.92 ,"$32,587.08 ","$16,293.54 ","$8,146.77 "
6/10/23 0:00,"$5,372.68 ","$3,417.54 ","$4,359.11 ","$2,232.60 ","$3,002.77 ","$1,718.29 ","$1,666.76 ","$2,860.03 ","$1,010.69 ","$1,162.41 ","$1,948.64 ","$1,582.31 ",$271.66 ,$208.87 ,$247.66 ,$380.64 ,$812.40 ,$232.36 ,$214.18 ,"$32,701.60 ","$16,350.80 ","$8,175.40 "
6/11/23 0:00,"$5,530.54 ","$3,781.58 ","$4,616.62 ","$2,489.23 ","$3,755.81 ","$1,449.33 ","$1,288.13 ","$2,896.28 ","$1,348.74 ","$1,222.58 ","$1,601.28 ","$1,770.79 ",$222.10 ,$203.02 ,$204.33 ,$384.33 ,$577.93 ,$220.47 ,$159.79 ,"$33,722.88 ","$16,861.44 ","$8,430.72 "
6/12/23 0:00,"$5,922.11 ","$3,693.75 ","$4,900.41 ","$2,482.06 ","$3,225.68 ","$1,734.77 ","$1,873.25 ","$2,533.11 ","$1,790.46 ","$1,690.70 ","$1,671.28 ","$1,689.58 ",$396.92 ,$287.42 ,$251.56 ,$363.47 ,$402.46 ,$302.99 ,$277.49 ,"$35,489.47 ","$17,744.73 ","$8,872.37 "
6/13/23 0:00,"$5,089.49 ","$3,916.34 ","$4,173.19 ","$2,453.11 ","$3,597.92 ","$1,413.39 ","$1,421.23 ","$2,484.40 ","$1,346.90 ","$1,065.21 ","$1,949.69 ","$1,147.11 ",$372.57 ,$247.43 ,$200.08 ,$381.50 ,$432.24 ,$283.30 ,$331.72 ,"$32,306.82 ","$16,153.41 ","$8,076.71 "
6/14/23 0:00,"$5,405.94 ","$3,259.38 ","$4,875.20 ","$2,803.55 ","$3,025.11 ","$1,410.05 ","$1,231.81 ","$2,463.17 ","$1,509.38 ","$1,687.41 ","$1,574.61 ","$1,642.39 ",$536.36 ,$266.37 ,$208.53 ,$479.42 ,$725.81 ,$173.25 ,$267.45 ,"$33,545.19 ","$16,772.59 ","$8,386.30 "
6/15/23 0:00,"$5,024.31 ","$3,758.19 ","$4,027.65 ","$2,471.69 ","$3,834.50 ","$1,156.42 ","$1,134.60 ","$2,959.04 ","$1,346.63 ","$1,405.43 ","$1,745.07 ","$1,003.42 ",$280.82 ,$288.16 ,$235.03 ,$475.95 ,$516.72 ,$304.78 ,$197.36 ,"$32,165.77 ","$16,082.88 ","$8,041.44 "
6/16/23 0:00,"$5,342.61 ","$3,459.88 ","$4,660.34 ","$2,758.37 ","$3,187.44 ","$1,522.05 ","$1,961.67 ","$2,940.82 ","$1,199.24 ","$1,142.95 ","$1,552.37 ","$1,392.70 ",$598.49 ,$230.47 ,$272.18 ,$403.41 ,$663.32 ,$242.27 ,$203.13 ,"$33,733.71 ","$16,866.86 ","$8,433.43 "
6/17/23 0:00,"$5,622.23 ","$3,573.61 ","$4,414.44 ","$2,166.48 ","$3,004.77 ","$1,262.66 ","$1,087.98 ","$2,216.49 ","$1,199.75 ","$1,982.33 ","$1,576.27 ","$1,461.03 ",$490.07 ,$289.58 ,$318.51 ,$401.61 ,$597.83 ,$215.30 ,$221.76 ,"$32,102.70 ","$16,051.35 ","$8,025.67 "
6/18/23 0:00,"$5,279.07 ","$3,955.05 ","$4,791.28 ","$2,531.97 ","$3,301.19 ","$1,633.59 ","$1,529.76 ","$2,094.99 ","$1,748.86 ","$1,504.27 ","$1,794.44 ","$1,795.56 ",$255.50 ,$202.75 ,$205.73 ,$433.12 ,$504.46 ,$224.78 ,$324.19 ,"$34,110.56 ","$17,055.28 ","$8,527.64 "
6/19/23 0:00,"$5,209.75 ","$3,979.29 ","$4,721.20 ","$2,824.10 ","$3,920.49 ","$1,398.61 ","$1,202.18 ","$2,054.38 ","$1,627.95 ","$1,294.18 ","$1,698.05 ","$1,880.09 ",$648.43 ,$227.99 ,$215.47 ,$445.75 ,$734.56 ,$176.02 ,$315.65 ,"$34,574.14 ","$17,287.07 ","$8,643.54 "
6/20/23 0:00,"$5,115.70 ","$3,861.59 ","$4,480.11 ","$2,177.72 ","$3,262.61 ","$1,853.72 ","$1,868.28 ","$2,357.66 ","$1,932.06 ","$1,055.51 ","$1,711.85 ","$1,718.20 ",$624.71 ,$281.18 ,$278.93 ,$533.52 ,$413.70 ,$212.46 ,$166.69 ,"$33,906.20 ","$16,953.10 ","$8,476.55 "
6/21/23 0:00,"$5,577.14 ","$3,359.10 ","$4,643.86 ","$2,464.92 ","$3,503.48 ","$1,771.36 ","$1,194.53 ","$2,417.54 ","$1,421.00 ","$1,314.32 ","$1,754.07 ","$1,775.25 ",$577.05 ,$285.32 ,$348.97 ,$485.50 ,$708.97 ,$184.65 ,$178.91 ,"$33,965.94 ","$16,982.97 ","$8,491.49 "
6/22/23 0:00,"$5,695.27 ","$3,887.70 ","$4,501.77 ","$2,609.08 ","$3,407.23 ","$1,147.93 ","$1,736.48 ","$2,247.68 ","$1,636.57 ","$1,612.46 ","$1,830.36 ","$1,931.61 ",$439.87 ,$294.48 ,$196.15 ,$414.00 ,$737.12 ,$241.52 ,$287.97 ,"$34,855.25 ","$17,427.62 ","$8,713.81 "
6/23/23 0:00,"$5,671.96 ","$3,638.61 ","$4,811.52 ","$2,184.77 ","$3,294.25 ","$1,591.09 ","$1,165.12 ","$2,920.23 ","$1,468.54 ","$1,245.77 ","$1,749.66 ","$1,484.55 ",$505.19 ,$230.30 ,$194.15 ,$503.11 ,$437.58 ,$255.58 ,$284.57 ,"$33,636.55 ","$16,818.28 ","$8,409.14 "
6/24/23 0:00,"$5,948.86 ","$3,430.00 ","$4,476.08 ","$2,756.77 ","$3,927.35 ","$1,713.74 ","$1,938.11 ","$2,837.15 ","$1,473.94 ","$1,569.24 ","$1,670.89 ","$1,279.72 ",$298.89 ,$278.02 ,$314.06 ,$438.53 ,$525.78 ,$348.00 ,$326.00 ,"$35,551.13 ","$17,775.56 ","$8,887.78 "
6/25/23 0:00,"$5,002.70 ","$3,035.74 ","$4,523.16 ","$2,079.00 ","$3,788.99 ","$1,514.44 ","$1,663.32 ","$2,744.46 ","$1,854.09 ","$1,278.28 ","$1,596.40 ","$1,370.14 ",$579.90 ,$298.51 ,$309.61 ,$467.88 ,$815.78 ,$303.78 ,$242.27 ,"$33,468.45 ","$16,734.22 ","$8,367.11 "
6/26/23 0:00,"$5,647.20 ","$3,770.13 ","$4,250.52 ","$2,946.42 ","$3,761.91 ","$1,113.95 ","$1,415.12 ","$2,483.90 ","$1,454.30 ","$1,044.45 ","$1,732.24 ","$1,428.62 ",$546.97 ,$252.70 ,$215.80 ,$481.26 ,$608.58 ,$255.78 ,$263.16 ,"$33,673.01 ","$16,836.50 ","$8,418.25 "
6/27/23 0:00,"$5,600.39 ","$3,502.11 ","$4,605.04 ","$2,468.22 ","$3,526.11 ","$1,503.25 ","$1,962.48 ","$2,886.50 ","$1,928.17 ","$1,413.17 ","$1,687.78 ","$1,316.15 ",$599.46 ,$225.26 ,$152.95 ,$415.03 ,$662.47 ,$224.87 ,$324.81 ,"$35,004.22 ","$17,502.11 ","$8,751.05 "
6/28/23 0:00,"$5,588.74 ","$3,786.19 ","$4,302.90 ","$2,336.12 ","$3,824.86 ","$1,432.90 ","$1,524.05 ","$2,945.19 ","$1,620.51 ","$1,356.62 ","$1,907.72 ","$1,303.71 ",$668.95 ,$203.90 ,$235.90 ,$450.13 ,$748.23 ,$181.80 ,$206.90 ,"$34,625.32 ","$17,312.66 ","$8,656.33 "
6/29/23 0:00,"$5,962.77 ","$3,748.02 ","$4,577.28 ","$2,116.81 ","$3,458.43 ","$1,325.75 ","$1,384.07 ","$2,887.67 ","$1,085.42 ","$1,245.89 ","$1,507.65 ","$1,982.69 ",$644.43 ,$275.97 ,$258.70 ,$370.21 ,$784.89 ,$225.86 ,$298.87 ,"$34,141.38 ","$17,070.69 ","$8,535.35 "
6/30/23 0:00,"$5,016.87 ","$3,793.57 ","$4,169.68 ","$2,432.60 ","$3,465.19 ","$1,582.54 ","$1,162.48 ","$2,261.36 ","$1,067.98 ","$1,528.97 ","$1,785.20 ","$1,992.33 ",$647.70 ,$213.88 ,$302.03 ,$519.41 ,$446.35 ,$258.92 ,$198.66 ,"$32,845.72 ","$16,422.86 ","$8,211.43 "
7/1/23 0:00,"$5,696.48 ","$3,300.65 ","$4,159.47 ","$2,659.80 ","$3,493.77 ","$1,324.87 ","$1,721.09 ","$2,864.23 ","$1,982.31 ","$1,389.62 ","$1,809.23 ","$1,642.93 ",$415.00 ,$238.69 ,$282.19 ,$540.48 ,$639.72 ,$185.56 ,$164.38 ,"$34,510.47 ","$17,255.23 ","$8,627.62 "
7/2/23 0:00,"$5,813.68 ","$3,800.80 ","$4,417.03 ","$2,094.49 ","$3,236.91 ","$1,235.56 ","$1,596.33 ","$2,350.37 ","$1,399.36 ","$1,949.95 ","$1,993.95 ","$1,809.79 ",$594.30 ,$230.93 ,$284.43 ,$530.37 ,$492.90 ,$329.98 ,$240.08 ,"$34,401.21 ","$17,200.61 ","$8,600.30 "
7/3/23 0:00,"$5,509.81 ","$3,548.85 ","$4,426.82 ","$2,306.27 ","$3,923.65 ","$1,735.90 ","$1,222.89 ","$2,123.27 ","$1,587.46 ","$1,621.23 ","$1,942.68 ","$1,721.14 ",$684.79 ,$241.69 ,$310.68 ,$358.95 ,$712.20 ,$277.82 ,$153.72 ,"$34,409.82 ","$17,204.91 ","$8,602.45 "
7/4/23 0:00,"$5,333.96 ","$3,473.33 ","$4,268.11 ","$2,836.02 ","$3,258.75 ","$1,213.37 ","$1,249.96 ","$2,743.62 ","$1,431.59 ","$1,358.15 ","$1,758.78 ","$1,682.11 ",$333.04 ,$290.60 ,$304.97 ,$520.57 ,$824.91 ,$231.01 ,$297.13 ,"$33,409.98 ","$16,704.99 ","$8,352.50 "
7/5/23 0:00,"$5,790.84 ","$3,675.13 ","$4,131.60 ","$2,646.18 ","$3,198.16 ","$1,805.29 ","$1,220.38 ","$2,808.88 ","$1,158.90 ","$1,214.34 ","$1,644.26 ","$1,146.51 ",$582.60 ,$242.59 ,$244.65 ,$518.41 ,$421.08 ,$308.85 ,$199.59 ,"$32,958.24 ","$16,479.12 ","$8,239.56 "
7/6/23 0:00,"$5,097.24 ","$3,021.36 ","$4,039.21 ","$2,206.37 ","$3,243.75 ","$1,979.16 ","$1,495.84 ","$2,986.78 ","$1,125.55 ","$1,665.12 ","$1,505.09 ","$1,136.72 ",$321.56 ,$291.27 ,$170.96 ,$376.13 ,$690.56 ,$176.91 ,$329.70 ,"$31,859.28 ","$15,929.64 ","$7,964.82 "
7/7/23 0:00,"$5,442.04 ","$3,102.32 ","$4,025.23 ","$2,160.91 ","$3,817.35 ","$1,441.24 ","$1,047.29 ","$2,480.96 ","$1,212.70 ","$1,920.13 ","$1,620.39 ","$1,885.84 ",$342.66 ,$280.54 ,$312.87 ,$494.19 ,$688.77 ,$317.56 ,$154.98 ,"$32,747.97 ","$16,373.98 ","$8,186.99 "
7/8/23 0:00,"$5,519.95 ","$3,292.18 ","$4,271.55 ","$2,904.49 ","$3,768.55 ","$1,812.39 ","$1,289.25 ","$2,251.02 ","$1,605.34 ","$1,627.11 ","$1,923.72 ","$1,014.27 ",$413.84 ,$228.84 ,$270.35 ,$360.77 ,$586.62 ,$153.78 ,$227.46 ,"$33,521.48 ","$16,760.74 ","$8,380.37 "
7/9/23 0:00,"$5,693.96 ","$3,982.99 ","$4,461.85 ","$2,287.02 ","$3,427.11 ","$1,168.37 ","$1,736.62 ","$2,065.39 ","$1,546.53 ","$1,829.39 ","$1,986.63 ","$1,679.76 ",$421.08 ,$231.81 ,$156.60 ,$512.37 ,$682.22 ,$229.02 ,$232.38 ,"$34,331.10 ","$17,165.55 ","$8,582.77 "
7/10/23 0:00,"$5,090.89 ","$3,139.75 ","$4,726.24 ","$2,179.50 ","$3,013.78 ","$1,797.30 ","$1,621.23 ","$2,413.18 ","$1,328.59 ","$1,684.23 ","$1,850.53 ","$1,804.79 ",$550.40 ,$236.98 ,$307.70 ,$510.41 ,$575.44 ,$261.76 ,$347.87 ,"$33,440.57 ","$16,720.29 ","$8,360.14 "
7/11/23 0:00,"$5,227.76 ","$3,330.60 ","$4,474.87 ","$2,999.96 ","$3,975.74 ","$1,962.47 ","$1,818.60 ","$2,577.43 ","$1,044.17 ","$1,947.18 ","$1,801.93 ","$1,717.91 ",$252.37 ,$260.56 ,$228.67 ,$543.53 ,$844.15 ,$183.59 ,$229.34 ,"$35,420.83 ","$17,710.41 ","$8,855.21 "
7/12/23 0:00,"$5,410.30 ","$3,051.05 ","$4,904.05 ","$2,309.19 ","$3,132.53 ","$1,517.02 ","$1,744.82 ","$2,496.50 ","$1,324.03 ","$1,407.21 ","$1,803.12 ","$1,144.41 ",$620.81 ,$267.41 ,$212.82 ,$436.79 ,$615.94 ,$283.96 ,$287.77 ,"$32,969.73 ","$16,484.86 ","$8,242.43 "
7/13/23 0:00,"$5,623.29 ","$3,331.27 ","$4,035.22 ","$2,124.74 ","$3,851.42 ","$1,255.72 ","$1,021.28 ","$2,162.79 ","$1,398.30 ","$1,772.73 ","$1,824.95 ","$1,640.50 ",$268.06 ,$297.22 ,$253.01 ,$449.38 ,$771.20 ,$342.22 ,$152.76 ,"$32,576.06 ","$16,288.03 ","$8,144.02 "
7/14/23 0:00,"$5,886.96 ","$3,320.33 ","$4,180.66 ","$2,461.76 ","$3,781.72 ","$1,160.83 ","$1,569.57 ","$2,371.55 ","$1,756.42 ","$1,509.19 ","$1,500.89 ","$1,123.49 ",$212.79 ,$292.65 ,$284.31 ,$436.22 ,$818.37 ,$166.18 ,$257.73 ,"$33,091.62 ","$16,545.81 ","$8,272.91 "
7/15/23 0:00,"$5,618.83 ","$3,946.81 ","$4,338.51 ","$2,434.35 ","$3,938.08 ","$1,916.63 ","$1,438.42 ","$2,917.91 ","$1,737.48 ","$1,049.49 ","$1,684.98 ","$1,462.25 ",$401.60 ,$261.19 ,$334.97 ,$452.07 ,$733.54 ,$151.85 ,$233.20 ,"$35,052.16 ","$17,526.08 ","$8,763.04 "
7/16/23 0:00,"$5,133.46 ","$3,845.15 ","$4,577.50 ","$2,926.80 ","$3,773.40 ","$1,324.57 ","$1,361.30 ","$2,459.29 ","$1,221.41 ","$1,013.26 ","$1,664.64 ","$1,654.83 ",$587.53 ,$204.62 ,$155.20 ,$513.07 ,$703.79 ,$291.65 ,$199.53 ,"$33,611.00 ","$16,805.50 ","$8,402.75 "
7/17/23 0:00,"$5,980.58 ","$3,382.76 ","$4,852.74 ","$2,134.20 ","$3,331.37 ","$1,497.00 ","$1,992.38 ","$2,512.22 ","$1,227.67 ","$1,425.12 ","$1,988.97 ","$1,371.87 ",$374.21 ,$254.53 ,$210.93 ,$523.67 ,$716.74 ,$308.67 ,$248.61 ,"$34,334.24 ","$17,167.12 ","$8,583.56 "
7/18/23 0:00,"$5,871.79 ","$3,024.77 ","$4,350.20 ","$2,091.14 ","$3,231.91 ","$1,433.43 ","$1,656.96 ","$2,471.91 ","$1,627.88 ","$1,659.97 ","$1,500.36 ","$1,517.25 ",$625.14 ,$240.36 ,$158.09 ,$353.07 ,$458.17 ,$233.26 ,$327.21 ,"$32,832.87 ","$16,416.43 ","$8,208.22 "
7/19/23 0:00,"$5,502.72 ","$3,831.03 ","$4,267.99 ","$2,092.98 ","$3,377.69 ","$1,435.22 ","$1,251.07 ","$2,384.72 ","$1,651.78 ","$1,863.27 ","$1,868.17 ","$1,946.95 ",$531.69 ,$254.48 ,$318.63 ,$483.65 ,$522.48 ,$219.19 ,$325.19 ,"$34,128.90 ","$17,064.45 ","$8,532.23 "
7/20/23 0:00,"$5,922.35 ","$3,660.54 ","$4,061.89 ","$2,904.29 ","$3,203.09 ","$1,765.26 ","$1,532.87 ","$2,060.63 ","$1,561.10 ","$1,032.62 ","$1,702.64 ","$1,310.39 ",$554.45 ,$204.02 ,$290.71 ,$474.84 ,$605.86 ,$220.33 ,$284.09 ,"$33,351.97 ","$16,675.98 ","$8,337.99 "
7/21/23 0:00,"$5,541.38 ","$3,152.36 ","$4,821.30 ","$2,449.37 ","$3,719.57 ","$1,935.16 ","$1,095.23 ","$2,229.18 ","$1,111.97 ","$1,941.84 ","$1,532.38 ","$1,175.01 ",$458.46 ,$299.58 ,$204.11 ,$472.37 ,$590.75 ,$317.71 ,$220.53 ,"$33,268.26 ","$16,634.13 ","$8,317.06 "
7/22/23 0:00,"$5,923.31 ","$3,996.07 ","$4,379.67 ","$2,150.61 ","$3,826.52 ","$1,636.77 ","$1,745.27 ","$2,500.00 ","$1,285.72 ","$1,884.76 ","$1,680.48 ","$1,907.57 ",$494.70 ,$205.70 ,$303.88 ,$499.92 ,$473.24 ,$161.56 ,$304.89 ,"$35,360.64 ","$17,680.32 ","$8,840.16 "
7/23/23 0:00,"$5,829.90 ","$3,100.23 ","$4,571.55 ","$2,593.83 ","$3,646.44 ","$1,957.14 ","$1,347.65 ","$2,584.43 ","$1,031.70 ","$1,873.62 ","$1,563.92 ","$1,483.25 ",$281.90 ,$227.27 ,$276.68 ,$496.60 ,$545.27 ,$309.24 ,$304.72 ,"$34,025.34 ","$17,012.67 ","$8,506.34 "
7/24/23 0:00,"$5,968.29 ","$3,867.11 ","$4,983.56 ","$2,537.62 ","$3,186.09 ","$1,190.44 ","$1,168.88 ","$2,478.14 ","$1,761.59 ","$1,642.67 ","$1,518.68 ","$1,496.36 ",$643.75 ,$207.21 ,$282.03 ,$371.48 ,$721.70 ,$178.34 ,$328.17 ,"$34,532.11 ","$17,266.05 ","$8,633.03 "
7/25/23 0:00,"$5,919.78 ","$3,294.27 ","$4,001.59 ","$2,198.41 ","$3,037.38 ","$1,563.94 ","$1,162.42 ","$2,363.89 ","$1,806.50 ","$1,466.66 ","$1,841.73 ","$1,953.56 ",$412.88 ,$254.76 ,$300.09 ,$492.06 ,$424.30 ,$314.16 ,$331.27 ,"$33,139.65 ","$16,569.82 ","$8,284.91 "
7/26/23 0:00,"$5,036.03 ","$3,435.35 ","$4,145.45 ","$2,603.04 ","$3,580.40 ","$1,685.51 ","$1,015.23 ","$2,803.50 ","$1,920.48 ","$1,803.99 ","$1,512.34 ","$1,267.81 ",$419.45 ,$235.18 ,$182.20 ,$515.82 ,$684.85 ,$258.29 ,$211.31 ,"$33,316.23 ","$16,658.12 ","$8,329.06 "
7/27/23 0:00,"$5,174.77 ","$3,795.46 ","$4,779.11 ","$2,340.23 ","$3,462.67 ","$1,714.98 ","$1,777.88 ","$2,694.77 ","$1,087.92 ","$1,206.17 ","$1,505.98 ","$1,796.48 ",$539.24 ,$237.53 ,$270.09 ,$352.45 ,$564.49 ,$317.18 ,$258.59 ,"$33,875.99 ","$16,938.00 ","$8,469.00 "
7/28/23 0:00,"$5,389.13 ","$3,677.51 ","$4,805.13 ","$2,238.37 ","$3,199.70 ","$1,755.85 ","$1,728.70 ","$2,945.42 ","$1,906.21 ","$1,292.29 ","$1,712.99 ","$1,560.16 ",$644.20 ,$278.92 ,$253.53 ,$413.95 ,$820.95 ,$179.20 ,$265.50 ,"$35,067.71 ","$17,533.85 ","$8,766.93 "
7/29/23 0:00,"$5,952.14 ","$3,937.86 ","$4,769.25 ","$2,510.40 ","$3,368.08 ","$1,333.15 ","$1,485.03 ","$2,027.74 ","$1,918.43 ","$1,172.69 ","$1,565.28 ","$1,690.02 ",$572.02 ,$290.40 ,$218.10 ,$390.03 ,$530.41 ,$178.94 ,$190.12 ,"$34,100.09 ","$17,050.05 ","$8,525.02 "
7/30/23 0:00,"$5,300.03 ","$3,621.14 ","$4,537.00 ","$2,291.65 ","$3,541.47 ","$1,882.19 ","$1,305.96 ","$2,744.08 ","$1,997.71 ","$1,997.98 ","$1,723.06 ","$1,470.64 ",$420.67 ,$216.57 ,$296.12 ,$353.76 ,$836.02 ,$193.02 ,$339.36 ,"$35,068.43 ","$17,534.21 ","$8,767.11 "
7/31/23 0:00,"$5,160.47 ","$3,097.81 ","$4,978.86 ","$2,222.14 ","$3,632.92 ","$1,131.71 ","$1,391.61 ","$2,061.38 ","$1,777.89 ","$1,192.18 ","$1,683.02 ","$1,383.86 ",$431.19 ,$227.90 ,$236.85 ,$523.74 ,$783.73 ,$253.51 ,$289.44 ,"$32,460.21 ","$16,230.10 ","$8,115.05 "
8/1/23 0:00,"$5,886.30 ","$3,884.36 ","$4,396.18 ","$2,879.72 ","$3,476.64 ","$1,278.54 ","$1,884.09 ","$2,290.98 ","$1,262.64 ","$1,700.75 ","$1,551.14 ","$1,144.06 ",$339.18 ,$247.27 ,$244.01 ,$457.52 ,$494.86 ,$238.61 ,$302.58 ,"$33,959.43 ","$16,979.72 ","$8,489.86 "
8/2/23 0:00,"$5,446.39 ","$3,769.16 ","$4,601.94 ","$2,155.76 ","$3,971.39 ","$1,468.71 ","$1,121.30 ","$2,917.10 ","$1,264.56 ","$1,462.07 ","$1,819.85 ","$1,987.50 ",$229.20 ,$211.29 ,$191.85 ,$497.39 ,$803.68 ,$202.32 ,$242.91 ,"$34,364.37 ","$17,182.19 ","$8,591.09 "
8/3/23 0:00,"$5,907.88 ","$3,711.87 ","$4,063.37 ","$2,280.59 ","$3,046.23 ","$1,592.00 ","$1,029.56 ","$2,775.36 ","$1,688.22 ","$1,033.30 ","$1,824.86 ","$1,727.20 ",$669.84 ,$238.65 ,$297.79 ,$393.52 ,$539.80 ,$206.00 ,$323.23 ,"$33,349.27 ","$16,674.64 ","$8,337.32 "
8/4/23 0:00,"$5,160.23 ","$3,053.73 ","$4,409.86 ","$2,386.14 ","$3,658.21 ","$1,295.28 ","$1,215.72 ","$2,662.02 ","$1,679.73 ","$1,081.26 ","$1,822.34 ","$1,455.07 ",$249.81 ,$230.21 ,$152.12 ,$374.93 ,$599.04 ,$303.22 ,$323.18 ,"$32,112.10 ","$16,056.05 ","$8,028.02 "
8/5/23 0:00,"$5,661.12 ","$3,396.22 ","$4,722.50 ","$2,273.64 ","$3,909.56 ","$1,907.83 ","$1,520.69 ","$2,399.70 ","$1,660.33 ","$1,929.43 ","$1,932.32 ","$1,492.92 ",$335.26 ,$292.20 ,$249.45 ,$381.18 ,$595.24 ,$165.57 ,$163.72 ,"$34,988.88 ","$17,494.44 ","$8,747.22 "
8/6/23 0:00,"$5,440.26 ","$3,167.44 ","$4,238.74 ","$2,210.71 ","$3,236.56 ","$1,451.85 ","$1,007.68 ","$2,049.83 ","$1,353.12 ","$1,744.54 ","$1,503.39 ","$1,000.25 ",$673.72 ,$219.85 ,$257.53 ,$519.18 ,$473.45 ,$329.64 ,$318.71 ,"$31,196.45 ","$15,598.22 ","$7,799.11 "
8/7/23 0:00,"$5,076.49 ","$3,821.90 ","$4,943.83 ","$2,771.15 ","$3,213.71 ","$1,100.34 ","$1,104.26 ","$2,260.25 ","$1,519.80 ","$1,546.01 ","$1,513.87 ","$1,029.61 ",$488.89 ,$272.12 ,$203.52 ,$401.69 ,$629.90 ,$228.87 ,$320.04 ,"$32,446.25 ","$16,223.12 ","$8,111.56 "
8/8/23 0:00,"$5,696.46 ","$3,700.53 ","$4,686.78 ","$2,329.02 ","$3,762.23 ","$1,819.05 ","$1,697.86 ","$2,480.87 ","$1,301.50 ","$1,209.46 ","$1,761.58 ","$1,807.58 ",$626.53 ,$221.59 ,$183.70 ,$473.53 ,$423.44 ,$300.60 ,$315.08 ,"$34,797.39 ","$17,398.69 ","$8,699.35 "
8/9/23 0:00,"$5,247.40 ","$3,883.08 ","$4,287.58 ","$2,112.51 ","$3,486.37 ","$1,965.45 ","$1,448.06 ","$2,422.78 ","$1,596.79 ","$1,006.36 ","$1,733.01 ","$1,046.17 ",$547.56 ,$262.57 ,$219.59 ,$420.89 ,$836.14 ,$180.92 ,$227.80 ,"$32,931.03 ","$16,465.52 ","$8,232.76 "
8/10/23 0:00,"$5,039.62 ","$3,966.58 ","$4,769.00 ","$2,540.90 ","$3,992.18 ","$1,346.33 ","$1,948.64 ","$2,458.13 ","$1,772.40 ","$1,772.65 ","$1,995.28 ","$1,771.71 ",$223.20 ,$258.20 ,$171.17 ,$438.08 ,$589.74 ,$307.77 ,$266.50 ,"$35,628.08 ","$17,814.04 ","$8,907.02 "
8/11/23 0:00,"$5,059.94 ","$3,774.75 ","$4,083.16 ","$2,125.49 ","$3,589.12 ","$1,554.64 ","$1,910.77 ","$2,030.31 ","$1,698.70 ","$1,312.30 ","$1,678.77 ","$1,713.36 ",$274.91 ,$245.87 ,$294.24 ,$521.03 ,$775.20 ,$200.87 ,$260.93 ,"$33,104.36 ","$16,552.18 ","$8,276.09 "
8/12/23 0:00,"$5,061.08 ","$3,994.23 ","$4,974.77 ","$2,357.52 ","$3,923.44 ","$1,583.07 ","$1,276.46 ","$2,633.07 ","$1,432.51 ","$1,214.04 ","$1,694.55 ","$1,679.32 ",$258.77 ,$281.69 ,$266.23 ,$496.86 ,$538.40 ,$150.49 ,$300.09 ,"$34,116.59 ","$17,058.29 ","$8,529.15 "
8/13/23 0:00,"$5,907.73 ","$3,614.77 ","$4,049.29 ","$2,881.83 ","$3,012.21 ","$1,801.62 ","$1,377.72 ","$2,450.97 ","$1,524.73 ","$1,172.31 ","$1,917.85 ","$1,544.51 ",$440.64 ,$222.27 ,$158.35 ,$417.13 ,$529.21 ,$305.43 ,$346.49 ,"$33,675.06 ","$16,837.53 ","$8,418.76 "
8/14/23 0:00,"$5,739.88 ","$3,037.13 ","$4,933.46 ","$2,369.16 ","$3,154.54 ","$1,151.84 ","$1,918.17 ","$2,016.79 ","$1,772.42 ","$1,808.80 ","$1,811.55 ","$1,347.33 ",$608.20 ,$247.73 ,$340.77 ,$529.44 ,$671.80 ,$268.06 ,$162.17 ,"$33,889.24 ","$16,944.62 ","$8,472.31 "
8/15/23 0:00,"$5,898.06 ","$3,014.25 ","$4,252.85 ","$2,632.51 ","$3,684.42 ","$1,841.25 ","$1,579.26 ","$2,939.21 ","$1,232.85 ","$1,620.63 ","$1,535.54 ","$1,972.60 ",$559.09 ,$298.24 ,$304.35 ,$413.16 ,$747.44 ,$284.29 ,$307.91 ,"$35,117.91 ","$17,558.96 ","$8,779.48 "
8/16/23 0:00,"$5,672.58 ","$3,342.10 ","$4,757.82 ","$2,514.63 ","$3,416.47 ","$1,721.61 ","$1,369.72 ","$2,197.70 ","$1,221.30 ","$1,641.30 ","$1,528.83 ","$1,910.74 ",$303.57 ,$218.33 ,$344.88 ,$500.05 ,$547.79 ,$269.73 ,$233.57 ,"$33,712.72 ","$16,856.36 ","$8,428.18 "
8/17/23 0:00,"$5,528.94 ","$3,823.47 ","$4,000.07 ","$2,137.72 ","$3,835.96 ","$1,034.92 ","$1,800.41 ","$2,169.59 ","$1,484.99 ","$1,925.44 ","$1,764.28 ","$1,474.31 ",$408.40 ,$254.54 ,$278.55 ,$507.97 ,$731.37 ,$196.46 ,$225.04 ,"$33,582.43 ","$16,791.22 ","$8,395.61 "
8/18/23 0:00,"$5,304.45 ","$3,866.13 ","$4,254.24 ","$2,649.07 ","$3,428.90 ","$1,566.92 ","$1,924.50 ","$2,755.09 ","$1,494.14 ","$1,891.80 ","$1,698.39 ","$1,175.42 ",$549.15 ,$229.31 ,$338.42 ,$422.15 ,$447.60 ,$215.82 ,$268.66 ,"$34,480.16 ","$17,240.08 ","$8,620.04 "
8/19/23 0:00,"$5,997.96 ","$3,960.81 ","$4,749.10 ","$2,856.03 ","$3,713.00 ","$1,028.03 ","$1,673.49 ","$2,348.66 ","$1,023.47 ","$1,680.46 ","$1,867.72 ","$1,234.58 ",$647.19 ,$212.38 ,$310.63 ,$454.90 ,$433.09 ,$151.48 ,$191.20 ,"$34,534.18 ","$17,267.09 ","$8,633.54 "
8/20/23 0:00,"$5,362.19 ","$3,065.12 ","$4,532.34 ","$2,093.21 ","$3,566.16 ","$1,496.44 ","$1,230.90 ","$2,611.55 ","$1,581.95 ","$1,961.03 ","$1,814.03 ","$1,014.02 ",$658.06 ,$285.16 ,$211.73 ,$441.89 ,$440.38 ,$332.42 ,$323.87 ,"$33,022.45 ","$16,511.22 ","$8,255.61 "
8/21/23 0:00,"$5,470.65 ","$3,044.57 ","$4,114.95 ","$2,753.68 ","$3,119.90 ","$1,599.41 ","$1,819.26 ","$2,005.97 ","$1,417.74 ","$1,228.96 ","$1,500.15 ","$1,872.28 ",$452.32 ,$257.77 ,$300.83 ,$474.90 ,$527.06 ,$237.77 ,$160.55 ,"$32,358.72 ","$16,179.36 ","$8,089.68 "
8/22/23 0:00,"$5,378.25 ","$3,913.28 ","$4,393.63 ","$2,690.21 ","$3,717.95 ","$1,634.88 ","$1,420.53 ","$2,431.43 ","$1,576.38 ","$1,019.60 ","$1,508.44 ","$1,363.41 ",$408.10 ,$257.88 ,$174.32 ,$495.97 ,$634.67 ,$183.62 ,$170.67 ,"$33,373.22 ","$16,686.61 ","$8,343.30 "
8/23/23 0:00,"$5,979.53 ","$3,305.05 ","$4,375.55 ","$2,866.66 ","$3,706.37 ","$1,926.88 ","$1,698.05 ","$2,024.83 ","$1,914.82 ","$1,921.71 ","$1,919.86 ","$1,485.82 ",$525.86 ,$254.53 ,$251.27 ,$532.43 ,$534.95 ,$150.08 ,$312.77 ,"$35,687.02 ","$17,843.51 ","$8,921.75 "
8/24/23 0:00,"$5,174.66 ","$3,557.99 ","$4,568.16 ","$2,104.09 ","$3,115.72 ","$1,297.06 ","$1,486.35 ","$2,209.56 ","$1,333.12 ","$1,264.33 ","$1,582.29 ","$1,526.45 ",$531.28 ,$218.45 ,$331.75 ,$466.77 ,$535.24 ,$307.04 ,$288.13 ,"$31,898.44 ","$15,949.22 ","$7,974.61 "
8/25/23 0:00,"$5,327.99 ","$3,982.44 ","$4,667.98 ","$2,305.70 ","$3,561.91 ","$1,844.57 ","$1,940.86 ","$2,194.72 ","$1,107.84 ","$1,973.10 ","$1,784.80 ","$1,793.13 ",$686.64 ,$256.86 ,$254.92 ,$530.47 ,$626.28 ,$218.75 ,$296.29 ,"$35,355.25 ","$17,677.62 ","$8,838.81 "
8/26/23 0:00,"$5,680.35 ","$3,400.45 ","$4,840.83 ","$2,694.29 ","$3,335.65 ","$1,452.22 ","$1,068.38 ","$2,970.93 ","$1,206.52 ","$1,224.04 ","$1,970.25 ","$1,615.13 ",$449.03 ,$209.14 ,$339.34 ,$548.58 ,$418.80 ,$206.89 ,$226.06 ,"$33,856.88 ","$16,928.44 ","$8,464.22 "
8/27/23 0:00,"$5,063.21 ","$3,665.87 ","$4,497.23 ","$2,022.02 ","$3,458.85 ","$1,666.94 ","$1,155.80 ","$2,302.41 ","$1,306.54 ","$1,278.46 ","$1,983.30 ","$1,069.28 ",$468.81 ,$268.26 ,$226.35 ,$459.15 ,$774.30 ,$256.30 ,$292.62 ,"$32,215.70 ","$16,107.85 ","$8,053.92 "
8/28/23 0:00,"$5,607.25 ","$3,400.88 ","$4,392.02 ","$2,734.08 ","$3,422.76 ","$1,807.94 ","$1,194.57 ","$2,839.25 ","$1,863.47 ","$1,909.45 ","$1,922.13 ","$1,377.10 ",$429.59 ,$205.15 ,$254.83 ,$400.42 ,$655.94 ,$248.51 ,$211.33 ,"$34,876.67 ","$17,438.34 ","$8,719.17 "
8/29/23 0:00,"$5,477.65 ","$3,768.19 ","$4,143.98 ","$2,857.98 ","$3,104.77 ","$1,724.04 ","$1,221.00 ","$2,420.76 ","$1,549.07 ","$1,812.66 ","$1,944.46 ","$1,456.27 ",$558.53 ,$218.92 ,$263.90 ,$478.50 ,$453.12 ,$273.78 ,$306.40 ,"$34,033.98 ","$17,016.99 ","$8,508.50 "
8/30/23 0:00,"$5,284.00 ","$3,527.71 ","$4,804.82 ","$2,453.30 ","$3,158.02 ","$1,795.50 ","$1,235.43 ","$2,862.13 ","$1,995.08 ","$1,097.39 ","$1,952.53 ","$1,718.24 ",$367.62 ,$229.42 ,$342.10 ,$495.84 ,$839.91 ,$150.84 ,$177.05 ,"$34,486.93 ","$17,243.46 ","$8,621.73 "
8/31/23 0:00,"$5,238.41 ","$3,237.52 ","$4,713.37 ","$2,434.33 ","$3,086.81 ","$1,636.07 ","$1,152.85 ","$2,662.79 ","$1,285.03 ","$1,575.47 ","$1,538.28 ","$1,784.04 ",$217.83 ,$227.89 ,$291.54 ,$479.66 ,$529.64 ,$222.97 ,$335.47 ,"$32,649.97 ","$16,324.98 ","$8,162.49 "
9/1/23 0:00,"$5,514.51 ","$3,271.31 ","$4,408.68 ","$2,278.47 ","$3,192.45 ","$1,800.78 ","$1,692.92 ","$2,007.09 ","$1,068.73 ","$1,157.75 ","$1,928.62 ","$1,005.16 ",$478.08 ,$281.21 ,$268.96 ,$361.14 ,$504.65 ,$344.92 ,$322.06 ,"$31,887.49 ","$15,943.74 ","$7,971.87 "
9/2/23 0:00,"$5,367.93 ","$3,258.06 ","$4,518.43 ","$2,005.05 ","$3,852.44 ","$1,909.01 ","$1,218.16 ","$2,111.60 ","$1,301.19 ","$1,071.67 ","$1,707.87 ","$1,598.66 ",$340.64 ,$228.78 ,$163.14 ,$387.73 ,$790.36 ,$191.44 ,$150.20 ,"$32,172.36 ","$16,086.18 ","$8,043.09 "
9/3/23 0:00,"$5,456.52 ","$3,532.32 ","$4,665.18 ","$2,186.30 ","$3,024.52 ","$1,904.42 ","$1,235.45 ","$2,031.35 ","$1,992.59 ","$1,612.38 ","$1,521.33 ","$1,029.75 ",$574.00 ,$207.40 ,$194.61 ,$397.72 ,$736.93 ,$215.63 ,$227.46 ,"$32,745.86 ","$16,372.93 ","$8,186.47 "
9/4/23 0:00,"$5,337.48 ","$3,703.19 ","$4,164.81 ","$2,979.86 ","$3,431.62 ","$1,327.89 ","$1,197.39 ","$2,090.45 ","$1,743.10 ","$1,078.05 ","$1,766.59 ","$1,835.46 ",$285.88 ,$206.80 ,$174.67 ,$399.00 ,$621.98 ,$172.81 ,$204.94 ,"$32,721.97 ","$16,360.98 ","$8,180.49 "
9/5/23 0:00,"$5,970.49 ","$3,949.28 ","$4,027.20 ","$2,867.29 ","$3,800.94 ","$1,971.97 ","$1,398.69 ","$2,220.31 ","$1,915.06 ","$1,471.89 ","$1,558.35 ","$1,240.04 ",$622.55 ,$214.94 ,$252.23 ,$537.82 ,$795.14 ,$250.08 ,$305.43 ,"$35,369.70 ","$17,684.85 ","$8,842.43 "
9/6/23 0:00,"$5,133.44 ","$3,694.09 ","$4,317.50 ","$2,266.50 ","$3,100.26 ","$1,057.67 ","$1,958.59 ","$2,785.58 ","$1,594.84 ","$1,614.51 ","$1,539.56 ","$1,333.13 ",$580.45 ,$239.42 ,$348.16 ,$483.60 ,$608.48 ,$230.13 ,$186.15 ,"$33,072.06 ","$16,536.03 ","$8,268.02 "
9/7/23 0:00,"$5,096.80 ","$3,781.19 ","$4,595.59 ","$2,963.75 ","$3,227.71 ","$1,616.40 ","$1,366.78 ","$2,733.68 ","$1,275.36 ","$1,939.10 ","$1,733.79 ","$1,232.94 ",$388.30 ,$219.68 ,$317.51 ,$396.44 ,$411.90 ,$230.88 ,$205.60 ,"$33,733.40 ","$16,866.70 ","$8,433.35 "
9/8/23 0:00,"$5,343.39 ","$3,168.93 ","$4,486.61 ","$2,367.71 ","$3,727.44 ","$1,495.22 ","$1,297.62 ","$2,244.71 ","$1,954.43 ","$1,921.27 ","$1,657.38 ","$1,867.77 ",$286.12 ,$223.50 ,$247.77 ,$383.11 ,$724.82 ,$234.31 ,$163.17 ,"$33,795.28 ","$16,897.64 ","$8,448.82 "
9/9/23 0:00,"$5,591.03 ","$3,374.06 ","$4,692.55 ","$2,297.59 ","$3,647.55 ","$1,230.48 ","$1,068.60 ","$2,390.42 ","$1,229.16 ","$1,607.46 ","$1,940.66 ","$1,300.68 ",$627.59 ,$218.40 ,$252.88 ,$359.66 ,$518.65 ,$290.42 ,$202.33 ,"$32,840.17 ","$16,420.08 ","$8,210.04 "
9/10/23 0:00,"$5,659.18 ","$3,413.78 ","$4,819.69 ","$2,152.81 ","$3,563.02 ","$1,535.15 ","$1,352.53 ","$2,859.49 ","$1,397.11 ","$1,502.71 ","$1,657.80 ","$1,742.12 ",$370.85 ,$229.87 ,$158.26 ,$406.60 ,$545.49 ,$240.38 ,$188.56 ,"$33,795.40 ","$16,897.70 ","$8,448.85 "
9/11/23 0:00,"$5,397.26 ","$3,686.38 ","$4,488.44 ","$2,901.61 ","$3,171.64 ","$1,065.95 ","$1,232.20 ","$2,072.32 ","$1,293.39 ","$1,650.39 ","$1,911.29 ","$1,612.97 ",$252.08 ,$250.49 ,$317.06 ,$417.34 ,$818.40 ,$202.12 ,$336.00 ,"$33,077.33 ","$16,538.66 ","$8,269.33 "
9/12/23 0:00,"$5,999.28 ","$3,295.89 ","$4,134.27 ","$2,986.99 ","$3,794.53 ","$1,553.71 ","$1,762.93 ","$2,564.82 ","$1,643.46 ","$1,924.97 ","$1,502.45 ","$1,862.72 ",$454.05 ,$297.13 ,$226.37 ,$406.14 ,$679.86 ,$248.62 ,$311.39 ,"$35,649.58 ","$17,824.79 ","$8,912.40 "
9/13/23 0:00,"$5,351.89 ","$3,303.29 ","$4,850.63 ","$2,327.41 ","$3,141.41 ","$1,854.47 ","$1,111.63 ","$2,115.03 ","$1,418.01 ","$1,990.94 ","$1,974.60 ","$1,197.76 ",$220.16 ,$279.20 ,$155.53 ,$493.96 ,$743.71 ,$339.14 ,$337.86 ,"$33,206.63 ","$16,603.31 ","$8,301.66 "
9/14/23 0:00,"$5,721.41 ","$3,355.89 ","$4,574.99 ","$2,703.43 ","$3,134.80 ","$1,140.97 ","$1,143.68 ","$2,994.05 ","$1,957.11 ","$1,033.09 ","$1,527.16 ","$1,517.22 ",$280.40 ,$217.25 ,$334.86 ,$463.40 ,$640.11 ,$244.23 ,$203.19 ,"$33,187.24 ","$16,593.62 ","$8,296.81 "
9/15/23 0:00,"$5,637.58 ","$3,810.30 ","$4,739.94 ","$2,335.30 ","$3,795.04 ","$1,325.35 ","$1,278.51 ","$2,441.65 ","$1,967.42 ","$1,969.55 ","$1,631.44 ","$1,833.67 ",$266.20 ,$280.29 ,$237.98 ,$370.66 ,$665.72 ,$177.80 ,$192.09 ,"$34,956.49 ","$17,478.24 ","$8,739.12 "
9/16/23 0:00,"$5,813.05 ","$3,577.59 ","$4,704.66 ","$2,104.99 ","$3,369.22 ","$1,631.12 ","$1,288.03 ","$2,915.27 ","$1,096.91 ","$1,803.19 ","$1,512.44 ","$1,610.60 ",$449.48 ,$271.01 ,$284.91 ,$479.87 ,$745.03 ,$314.69 ,$263.96 ,"$34,236.02 ","$17,118.01 ","$8,559.00 "
9/17/23 0:00,"$5,976.23 ","$3,075.28 ","$4,968.21 ","$2,392.69 ","$3,312.62 ","$1,359.30 ","$1,846.30 ","$2,152.98 ","$1,928.33 ","$1,075.00 ","$1,979.68 ","$1,012.25 ",$364.12 ,$290.58 ,$258.01 ,$412.11 ,$825.83 ,$333.50 ,$277.28 ,"$33,840.30 ","$16,920.15 ","$8,460.07 "
9/18/23 0:00,"$5,889.79 ","$3,078.25 ","$4,295.31 ","$2,551.57 ","$3,278.67 ","$1,415.00 ","$1,791.28 ","$2,990.31 ","$1,798.00 ","$1,800.17 ","$1,525.84 ","$1,253.56 ",$562.34 ,$243.47 ,$307.93 ,$498.27 ,$719.44 ,$218.10 ,$336.86 ,"$34,554.16 ","$17,277.08 ","$8,638.54 "
9/19/23 0:00,"$5,764.56 ","$3,371.29 ","$4,705.31 ","$2,123.02 ","$3,324.97 ","$1,338.45 ","$1,578.64 ","$2,059.30 ","$1,712.34 ","$1,662.63 ","$1,674.50 ","$1,684.35 ",$254.09 ,$286.71 ,$342.48 ,$447.79 ,$412.66 ,$154.41 ,$274.33 ,"$33,171.83 ","$16,585.92 ","$8,292.96 "
9/20/23 0:00,"$5,698.25 ","$3,766.59 ","$4,365.68 ","$2,818.27 ","$3,340.59 ","$1,482.67 ","$1,288.59 ","$2,058.92 ","$1,362.79 ","$1,905.74 ","$1,831.92 ","$1,611.59 ",$352.83 ,$269.81 ,$274.19 ,$378.18 ,$560.65 ,$311.14 ,$199.39 ,"$33,877.79 ","$16,938.90 ","$8,469.45 "
9/21/23 0:00,"$5,335.50 ","$3,688.68 ","$4,395.41 ","$2,497.36 ","$3,696.37 ","$1,373.20 ","$1,318.88 ","$2,823.24 ","$1,679.56 ","$1,457.80 ","$1,661.01 ","$1,896.48 ",$349.35 ,$227.31 ,$173.38 ,$386.59 ,$748.12 ,$215.02 ,$242.56 ,"$34,165.82 ","$17,082.91 ","$8,541.45 "
9/22/23 0:00,"$5,147.69 ","$3,707.98 ","$4,230.59 ","$2,234.38 ","$3,240.26 ","$1,144.25 ","$1,592.22 ","$2,776.59 ","$1,810.67 ","$1,503.34 ","$1,503.74 ","$1,925.52 ",$573.64 ,$238.98 ,$267.64 ,$460.30 ,$415.02 ,$259.55 ,$226.38 ,"$33,258.74 ","$16,629.37 ","$8,314.69 "
9/23/23 0:00,"$5,062.64 ","$3,767.21 ","$4,344.01 ","$2,592.76 ","$3,325.33 ","$1,198.81 ","$1,739.87 ","$2,247.94 ","$1,830.42 ","$1,837.31 ","$1,620.29 ","$1,800.32 ",$639.89 ,$283.85 ,$156.34 ,$406.90 ,$795.98 ,$306.93 ,$171.49 ,"$34,128.29 ","$17,064.14 ","$8,532.07 "
9/24/23 0:00,"$5,241.90 ","$3,287.15 ","$4,948.30 ","$2,793.26 ","$3,776.21 ","$1,079.25 ","$1,384.10 ","$2,246.85 ","$1,805.78 ","$1,483.79 ","$1,857.35 ","$1,183.64 ",$446.36 ,$280.77 ,$218.97 ,$426.41 ,$702.65 ,$245.36 ,$219.65 ,"$33,627.75 ","$16,813.88 ","$8,406.94 "
9/25/23 0:00,"$5,432.28 ","$3,548.26 ","$4,292.57 ","$2,327.62 ","$3,913.15 ","$1,467.66 ","$1,509.56 ","$2,472.66 ","$1,320.02 ","$1,526.37 ","$1,689.14 ","$1,372.00 ",$480.84 ,$224.55 ,$164.80 ,$507.11 ,$506.72 ,$208.48 ,$262.90 ,"$33,226.69 ","$16,613.34 ","$8,306.67 "
9/26/23 0:00,"$5,522.00 ","$3,543.35 ","$4,245.99 ","$2,701.48 ","$3,612.84 ","$1,845.40 ","$1,888.03 ","$2,943.60 ","$1,185.01 ","$1,244.36 ","$1,910.14 ","$1,964.69 ",$598.45 ,$283.63 ,$207.14 ,$461.20 ,$596.38 ,$321.33 ,$246.64 ,"$35,321.66 ","$17,660.83 ","$8,830.41 "
9/27/23 0:00,"$5,773.08 ","$3,739.63 ","$4,583.14 ","$2,427.86 ","$3,105.12 ","$1,090.55 ","$1,649.79 ","$2,625.89 ","$1,543.78 ","$1,330.42 ","$1,869.49 ","$1,483.83 ",$635.60 ,$294.58 ,$329.75 ,$525.45 ,$413.08 ,$334.62 ,$181.85 ,"$33,937.51 ","$16,968.75 ","$8,484.38 "
9/28/23 0:00,"$5,958.74 ","$3,956.87 ","$4,258.04 ","$2,964.05 ","$3,541.58 ","$1,658.73 ","$1,535.55 ","$2,832.53 ","$1,254.23 ","$1,287.65 ","$1,792.99 ","$1,334.00 ",$581.87 ,$287.78 ,$192.37 ,$487.61 ,$431.73 ,$293.39 ,$193.60 ,"$34,843.31 ","$17,421.66 ","$8,710.83 "
9/29/23 0:00,"$5,117.32 ","$3,277.99 ","$4,473.39 ","$2,770.94 ","$3,627.78 ","$1,420.22 ","$1,071.22 ","$2,867.10 ","$1,784.99 ","$1,045.66 ","$1,547.24 ","$1,962.00 ",$329.50 ,$238.13 ,$306.50 ,$380.76 ,$647.62 ,$152.42 ,$338.43 ,"$33,359.21 ","$16,679.61 ","$8,339.80 "
9/30/23 0:00,"$5,107.00 ","$3,793.28 ","$4,834.18 ","$2,356.35 ","$3,314.05 ","$1,871.38 ","$1,176.02 ","$2,134.45 ","$1,044.67 ","$1,583.03 ","$1,991.00 ","$1,699.52 ",$236.48 ,$254.12 ,$229.28 ,$369.91 ,$502.12 ,$158.63 ,$188.05 ,"$32,843.52 ","$16,421.76 ","$8,210.88 "
10/1/23 0:00,"$5,589.69 ","$3,659.97 ","$4,230.40 ","$2,017.75 ","$3,828.00 ","$1,363.31 ","$1,200.99 ","$2,578.81 ","$1,425.41 ","$1,842.65 ","$1,760.34 ","$1,696.44 ",$305.46 ,$284.60 ,$223.84 ,$478.66 ,$480.53 ,$265.54 ,$255.73 ,"$33,488.12 ","$16,744.06 ","$8,372.03 "
10/2/23 0:00,"$5,745.40 ","$3,580.24 ","$4,426.69 ","$2,657.52 ","$3,782.08 ","$1,694.44 ","$1,623.15 ","$2,986.94 ","$1,778.59 ","$1,770.31 ","$1,630.09 ","$1,412.36 ",$509.78 ,$271.64 ,$318.88 ,$457.11 ,$825.88 ,$305.16 ,$343.63 ,"$36,119.89 ","$18,059.94 ","$9,029.97 "
10/3/23 0:00,"$5,848.15 ","$3,774.88 ","$4,610.49 ","$2,197.87 ","$3,575.31 ","$1,399.11 ","$1,108.11 ","$2,095.65 ","$1,080.56 ","$1,246.59 ","$1,801.07 ","$1,093.51 ",$474.44 ,$270.91 ,$232.53 ,$496.86 ,$693.82 ,$178.29 ,$302.16 ,"$32,480.31 ","$16,240.16 ","$8,120.08 "
10/4/23 0:00,"$5,935.83 ","$3,944.03 ","$4,545.63 ","$2,121.88 ","$3,145.02 ","$1,541.95 ","$1,028.99 ","$2,443.55 ","$1,686.98 ","$1,586.31 ","$1,853.39 ","$1,983.50 ",$453.91 ,$228.53 ,$346.48 ,$460.91 ,$419.48 ,$330.50 ,$299.89 ,"$34,356.76 ","$17,178.38 ","$8,589.19 "
10/5/23 0:00,"$5,983.43 ","$3,036.69 ","$4,974.72 ","$2,931.78 ","$3,697.38 ","$1,774.95 ","$1,360.35 ","$2,764.85 ","$1,231.06 ","$1,490.43 ","$1,733.75 ","$1,084.80 ",$236.59 ,$261.08 ,$189.77 ,$547.53 ,$533.32 ,$333.40 ,$295.85 ,"$34,461.73 ","$17,230.87 ","$8,615.43 "
10/6/23 0:00,"$5,399.80 ","$3,147.40 ","$4,680.37 ","$2,999.95 ","$3,895.35 ","$1,967.86 ","$1,718.86 ","$2,989.58 ","$1,127.39 ","$1,816.55 ","$1,820.92 ","$1,665.97 ",$405.43 ,$205.45 ,$325.90 ,$546.33 ,$482.33 ,$308.44 ,$341.05 ,"$35,844.93 ","$17,922.47 ","$8,961.23 "
10/7/23 0:00,"$5,380.34 ","$3,756.29 ","$4,739.95 ","$2,269.89 ","$3,250.10 ","$1,134.89 ","$1,693.25 ","$2,119.72 ","$1,307.89 ","$1,353.48 ","$1,554.02 ","$1,051.11 ",$213.09 ,$229.71 ,$204.22 ,$404.43 ,$831.19 ,$279.70 ,$332.79 ,"$32,106.06 ","$16,053.03 ","$8,026.52 "
10/8/23 0:00,"$5,147.81 ","$3,083.79 ","$4,966.96 ","$2,301.77 ","$3,958.69 ","$1,529.10 ","$1,792.67 ","$2,404.44 ","$1,019.34 ","$1,036.60 ","$1,937.03 ","$1,014.32 ",$526.70 ,$220.28 ,$261.06 ,$508.37 ,$537.81 ,$223.47 ,$237.95 ,"$32,708.16 ","$16,354.08 ","$8,177.04 "
10/9/23 0:00,"$5,684.93 ","$3,516.12 ","$4,414.44 ","$2,164.99 ","$3,771.30 ","$1,132.27 ","$1,696.25 ","$2,752.96 ","$1,630.02 ","$1,887.28 ","$1,840.36 ","$1,009.94 ",$322.94 ,$238.70 ,$173.97 ,$503.22 ,$673.92 ,$168.53 ,$187.12 ,"$33,769.26 ","$16,884.63 ","$8,442.32 "
10/10/23 0:00,"$5,656.76 ","$3,219.86 ","$4,355.38 ","$2,457.68 ","$3,300.32 ","$1,030.50 ","$1,613.29 ","$2,594.08 ","$1,332.91 ","$1,670.28 ","$1,886.49 ","$1,942.43 ",$553.52 ,$273.82 ,$159.37 ,$518.09 ,$633.92 ,$337.79 ,$194.21 ,"$33,730.70 ","$16,865.35 ","$8,432.68 "
10/11/23 0:00,"$5,862.06 ","$3,274.30 ","$4,043.86 ","$2,865.84 ","$3,616.82 ","$1,747.95 ","$1,486.16 ","$2,878.65 ","$1,993.71 ","$1,181.86 ","$1,556.87 ","$1,462.16 ",$466.12 ,$226.05 ,$224.55 ,$434.07 ,$808.20 ,$206.87 ,$335.57 ,"$34,671.67 ","$17,335.84 ","$8,667.92 "
10/12/23 0:00,"$5,097.26 ","$3,701.84 ","$4,184.20 ","$2,701.51 ","$3,307.85 ","$1,983.27 ","$1,208.50 ","$2,102.15 ","$1,097.84 ","$1,205.70 ","$1,759.65 ","$1,602.03 ",$227.09 ,$217.89 ,$185.86 ,$535.56 ,$402.26 ,$186.58 ,$348.29 ,"$32,055.33 ","$16,027.67 ","$8,013.83 "
10/13/23 0:00,"$5,497.78 ","$3,030.19 ","$4,237.19 ","$2,846.33 ","$3,099.47 ","$1,595.40 ","$1,568.55 ","$2,542.51 ","$1,894.88 ","$1,398.20 ","$1,846.30 ","$1,141.32 ",$269.61 ,$284.20 ,$247.64 ,$425.36 ,$546.70 ,$339.61 ,$347.15 ,"$33,158.39 ","$16,579.20 ","$8,289.60 "
10/14/23 0:00,"$5,581.08 ","$3,873.32 ","$4,183.50 ","$2,228.48 ","$3,824.15 ","$1,072.43 ","$1,636.62 ","$2,609.19 ","$1,497.96 ","$1,476.39 ","$1,761.14 ","$1,487.73 ",$655.89 ,$291.51 ,$198.60 ,$492.66 ,$478.47 ,$269.39 ,$209.36 ,"$33,827.87 ","$16,913.93 ","$8,456.97 "
10/15/23 0:00,"$5,241.56 ","$3,444.48 ","$4,754.78 ","$2,730.46 ","$3,665.81 ","$1,061.73 ","$1,123.74 ","$2,814.26 ","$1,117.70 ","$1,330.30 ","$1,549.60 ","$1,518.80 ",$637.89 ,$244.62 ,$157.77 ,$470.48 ,$751.80 ,$340.98 ,$160.38 ,"$33,117.14 ","$16,558.57 ","$8,279.28 "
10/16/23 0:00,"$5,169.03 ","$3,502.39 ","$4,535.88 ","$2,918.53 ","$3,614.00 ","$1,314.55 ","$1,565.15 ","$2,845.62 ","$1,856.12 ","$1,515.67 ","$1,530.33 ","$1,152.64 ",$607.88 ,$224.45 ,$293.66 ,$422.79 ,$575.08 ,$315.91 ,$268.00 ,"$34,227.68 ","$17,113.84 ","$8,556.92 "
10/17/23 0:00,"$5,859.58 ","$3,540.05 ","$4,667.63 ","$2,281.42 ","$3,142.17 ","$1,380.88 ","$1,097.75 ","$2,474.17 ","$1,111.05 ","$1,892.45 ","$1,808.01 ","$1,458.03 ",$485.58 ,$225.24 ,$216.76 ,$395.58 ,$776.64 ,$208.20 ,$326.14 ,"$33,347.33 ","$16,673.66 ","$8,336.83 "
10/18/23 0:00,"$5,058.53 ","$3,645.54 ","$4,820.46 ","$2,690.65 ","$3,377.38 ","$1,003.87 ","$1,547.08 ","$2,604.32 ","$1,645.86 ","$1,629.96 ","$1,898.45 ","$1,886.52 ",$380.09 ,$241.62 ,$184.46 ,$487.07 ,$637.68 ,$283.19 ,$294.71 ,"$34,317.44 ","$17,158.72 ","$8,579.36 "
10/19/23 0:00,"$5,470.62 ","$3,344.86 ","$4,230.77 ","$2,400.66 ","$3,876.64 ","$1,842.68 ","$1,158.92 ","$2,007.85 ","$1,245.22 ","$1,369.53 ","$1,998.31 ","$1,575.20 ",$679.38 ,$280.24 ,$339.59 ,$530.47 ,$827.50 ,$271.55 ,$258.42 ,"$33,708.41 ","$16,854.21 ","$8,427.10 "
10/20/23 0:00,"$5,115.83 ","$3,101.11 ","$4,325.92 ","$2,290.23 ","$3,163.30 ","$1,468.58 ","$1,119.01 ","$2,689.03 ","$1,449.12 ","$1,860.44 ","$1,784.11 ","$1,185.95 ",$654.72 ,$256.15 ,$247.71 ,$429.70 ,$599.13 ,$229.50 ,$202.81 ,"$32,172.35 ","$16,086.18 ","$8,043.09 "
10/21/23 0:00,"$5,457.06 ","$3,318.38 ","$4,708.36 ","$2,969.62 ","$3,047.90 ","$1,995.71 ","$1,113.10 ","$2,015.45 ","$1,573.02 ","$1,695.72 ","$1,614.75 ","$1,955.32 ",$208.51 ,$257.73 ,$262.59 ,$369.29 ,$557.56 ,$258.41 ,$152.20 ,"$33,530.68 ","$16,765.34 ","$8,382.67 "
10/22/23 0:00,"$5,979.96 ","$3,168.14 ","$4,392.76 ","$2,348.63 ","$3,191.15 ","$1,884.15 ","$1,911.03 ","$2,647.09 ","$1,919.68 ","$1,593.72 ","$1,702.54 ","$1,892.85 ",$260.53 ,$297.82 ,$342.44 ,$406.12 ,$731.42 ,$255.58 ,$281.19 ,"$35,206.80 ","$17,603.40 ","$8,801.70 "
10/23/23 0:00,"$5,423.71 ","$3,556.13 ","$4,029.27 ","$2,107.85 ","$3,250.18 ","$1,500.78 ","$1,598.09 ","$2,505.90 ","$1,284.51 ","$1,516.52 ","$1,553.32 ","$1,927.01 ",$471.52 ,$207.77 ,$173.63 ,$430.13 ,$482.50 ,$162.96 ,$292.26 ,"$32,474.04 ","$16,237.02 ","$8,118.51 "
10/24/23 0:00,"$5,857.12 ","$3,318.03 ","$4,434.96 ","$2,388.59 ","$3,783.64 ","$1,627.06 ","$1,250.16 ","$2,954.06 ","$1,387.69 ","$1,087.84 ","$1,706.94 ","$1,780.92 ",$545.26 ,$247.50 ,$186.45 ,$431.41 ,$688.31 ,$185.91 ,$192.49 ,"$34,054.34 ","$17,027.17 ","$8,513.59 "
10/25/23 0:00,"$5,117.32 ","$3,958.07 ","$4,908.27 ","$2,447.68 ","$3,648.14 ","$1,314.55 ","$1,071.45 ","$2,163.07 ","$1,199.60 ","$1,592.94 ","$1,920.08 ","$1,561.36 ",$432.42 ,$247.94 ,$292.04 ,$477.54 ,$426.80 ,$259.11 ,$304.39 ,"$33,342.77 ","$16,671.38 ","$8,335.69 "
10/26/23 0:00,"$5,271.25 ","$3,965.73 ","$4,409.02 ","$2,752.21 ","$3,017.34 ","$1,303.36 ","$1,536.18 ","$2,383.78 ","$1,343.62 ","$1,398.26 ","$1,695.10 ","$1,775.77 ",$291.03 ,$255.40 ,$262.16 ,$373.03 ,$726.51 ,$158.70 ,$229.93 ,"$33,148.38 ","$16,574.19 ","$8,287.09 "
10/27/23 0:00,"$5,403.79 ","$3,620.13 ","$4,332.25 ","$2,949.91 ","$3,017.29 ","$1,130.20 ","$1,144.80 ","$2,857.30 ","$1,125.81 ","$1,550.33 ","$1,525.87 ","$1,619.41 ",$410.14 ,$216.79 ,$233.05 ,$372.52 ,$748.38 ,$312.03 ,$328.13 ,"$32,898.13 ","$16,449.06 ","$8,224.53 "
10/28/23 0:00,"$5,399.81 ","$3,617.50 ","$4,989.53 ","$2,817.06 ","$3,566.90 ","$1,545.40 ","$1,778.40 ","$2,514.10 ","$1,548.08 ","$1,124.07 ","$1,582.96 ","$1,005.69 ",$302.68 ,$216.89 ,$172.43 ,$384.71 ,$459.42 ,$228.47 ,$301.37 ,"$33,555.47 ","$16,777.74 ","$8,388.87 "
10/29/23 0:00,"$5,671.38 ","$3,985.38 ","$4,644.42 ","$2,930.94 ","$3,633.29 ","$1,081.67 ","$1,496.11 ","$2,814.62 ","$1,559.23 ","$1,786.18 ","$1,834.84 ","$1,116.28 ",$602.10 ,$241.54 ,$266.79 ,$383.15 ,$797.57 ,$165.12 ,$169.40 ,"$35,180.01 ","$17,590.01 ","$8,795.00 "
10/30/23 0:00,"$5,344.72 ","$3,887.28 ","$4,366.00 ","$2,475.06 ","$3,125.42 ","$1,446.86 ","$1,726.45 ","$2,507.43 ","$1,623.37 ","$1,511.96 ","$1,845.61 ","$1,109.55 ",$471.11 ,$260.62 ,$238.29 ,$385.15 ,$440.87 ,$318.27 ,$261.20 ,"$33,345.22 ","$16,672.61 ","$8,336.30 "
10/31/23 0:00,"$5,713.77 ","$3,765.07 ","$4,102.02 ","$2,719.32 ","$3,610.46 ","$1,321.72 ","$1,395.73 ","$2,682.40 ","$1,230.35 ","$1,830.93 ","$1,599.02 ","$1,553.86 ",$404.43 ,$230.28 ,$284.21 ,$351.05 ,$735.40 ,$163.72 ,$182.60 ,"$33,876.34 ","$16,938.17 ","$8,469.09 "
11/1/23 0:00,"$5,639.19 ","$3,313.59 ","$4,787.85 ","$2,309.05 ","$3,240.35 ","$1,790.53 ","$1,702.32 ","$2,881.54 ","$1,432.36 ","$1,206.81 ","$1,905.07 ","$1,695.74 ",$270.83 ,$249.75 ,$210.08 ,$404.84 ,$811.71 ,$183.71 ,$263.18 ,"$34,298.50 ","$17,149.25 ","$8,574.62 "
11/2/23 0:00,"$5,399.16 ","$3,365.54 ","$4,708.07 ","$2,069.59 ","$3,336.72 ","$1,381.45 ","$1,684.61 ","$2,054.82 ","$1,041.43 ","$1,938.08 ","$1,640.43 ","$1,939.35 ",$457.22 ,$298.68 ,$230.50 ,$463.14 ,$690.30 ,$303.33 ,$264.26 ,"$33,266.68 ","$16,633.34 ","$8,316.67 "
11/3/23 0:00,"$5,431.76 ","$3,201.27 ","$4,921.92 ","$2,365.47 ","$3,408.83 ","$1,901.50 ","$1,561.42 ","$2,880.86 ","$1,040.26 ","$1,578.18 ","$1,777.86 ","$1,901.23 ",$483.20 ,$203.04 ,$211.60 ,$548.44 ,$655.21 ,$336.73 ,$208.66 ,"$34,617.44 ","$17,308.72 ","$8,654.36 "
11/4/23 0:00,"$5,614.53 ","$3,487.15 ","$4,217.28 ","$2,697.92 ","$3,116.19 ","$1,189.53 ","$1,845.74 ","$2,178.96 ","$1,309.46 ","$1,075.69 ","$1,653.85 ","$1,597.83 ",$526.55 ,$246.59 ,$190.19 ,$432.21 ,$723.93 ,$156.92 ,$270.26 ,"$32,530.78 ","$16,265.39 ","$8,132.69 "
11/5/23 0:00,"$5,070.04 ","$3,990.37 ","$4,114.92 ","$2,274.62 ","$3,963.09 ","$1,930.55 ","$1,582.47 ","$2,755.30 ","$1,489.14 ","$1,313.72 ","$1,846.56 ","$1,571.21 ",$552.78 ,$247.39 ,$251.60 ,$519.21 ,$499.71 ,$162.10 ,$175.34 ,"$34,310.12 ","$17,155.06 ","$8,577.53 "
11/6/23 0:00,"$5,822.41 ","$3,912.15 ","$4,724.07 ","$2,861.41 ","$3,973.76 ","$1,593.29 ","$1,578.11 ","$2,565.83 ","$1,692.97 ","$1,982.68 ","$1,687.84 ","$1,068.31 ",$220.91 ,$269.18 ,$315.83 ,$391.89 ,$535.85 ,$246.53 ,$313.15 ,"$35,756.17 ","$17,878.09 ","$8,939.04 "
11/7/23 0:00,"$5,653.42 ","$3,118.35 ","$4,203.40 ","$2,790.77 ","$3,445.00 ","$1,120.24 ","$1,307.98 ","$2,332.92 ","$1,758.67 ","$1,613.33 ","$1,880.90 ","$1,771.21 ",$388.90 ,$226.64 ,$156.89 ,$537.95 ,$775.08 ,$233.98 ,$310.49 ,"$33,626.12 ","$16,813.06 ","$8,406.53 "
11/8/23 0:00,"$5,726.34 ","$3,025.19 ","$4,176.10 ","$2,194.04 ","$3,257.47 ","$1,502.15 ","$1,931.51 ","$2,958.51 ","$1,401.78 ","$1,419.75 ","$1,741.71 ","$1,265.96 ",$386.02 ,$279.99 ,$247.08 ,$353.40 ,$440.72 ,$342.68 ,$283.96 ,"$32,934.36 ","$16,467.18 ","$8,233.59 "
11/9/23 0:00,"$5,536.92 ","$3,898.64 ","$4,319.81 ","$2,330.84 ","$3,958.59 ","$1,267.92 ","$1,517.14 ","$2,841.43 ","$1,755.61 ","$1,915.69 ","$1,820.14 ","$1,917.92 ",$285.25 ,$240.10 ,$300.42 ,$355.43 ,$664.30 ,$239.49 ,$176.91 ,"$35,342.55 ","$17,671.28 ","$8,835.64 "
11/10/23 0:00,"$5,110.48 ","$3,537.17 ","$4,816.83 ","$2,825.30 ","$3,818.06 ","$1,749.04 ","$1,391.71 ","$2,285.56 ","$1,727.60 ","$1,361.28 ","$1,963.03 ","$1,221.21 ",$361.11 ,$209.52 ,$276.81 ,$422.41 ,$798.47 ,$292.06 ,$282.04 ,"$34,449.69 ","$17,224.84 ","$8,612.42 "
11/11/23 0:00,"$5,405.04 ","$3,200.19 ","$4,539.54 ","$2,243.94 ","$3,724.23 ","$1,651.31 ","$1,541.64 ","$2,202.68 ","$1,632.47 ","$1,747.15 ","$1,717.67 ","$1,696.32 ",$222.07 ,$263.01 ,$348.61 ,$525.06 ,$436.91 ,$220.08 ,$225.05 ,"$33,542.97 ","$16,771.49 ","$8,385.74 "
11/12/23 0:00,"$5,405.37 ","$3,673.65 ","$4,045.85 ","$2,331.60 ","$3,461.81 ","$1,062.74 ","$1,145.24 ","$2,358.99 ","$1,141.63 ","$1,146.27 ","$1,775.32 ","$1,112.29 ",$431.07 ,$202.64 ,$161.45 ,$463.38 ,$476.51 ,$186.85 ,$258.57 ,"$30,841.23 ","$15,420.62 ","$7,710.31 "
11/13/23 0:00,"$5,321.04 ","$3,644.22 ","$4,463.89 ","$2,343.07 ","$3,410.58 ","$1,417.55 ","$1,265.13 ","$2,332.12 ","$1,287.24 ","$1,697.16 ","$1,594.56 ","$1,493.88 ",$456.91 ,$271.68 ,$182.35 ,$357.03 ,$446.57 ,$287.91 ,$233.72 ,"$32,506.61 ","$16,253.31 ","$8,126.65 "
11/14/23 0:00,"$5,029.95 ","$3,122.09 ","$4,683.98 ","$2,801.04 ","$3,779.35 ","$1,887.14 ","$1,306.68 ","$2,159.76 ","$1,533.88 ","$1,491.44 ","$1,846.72 ","$1,148.98 ",$444.60 ,$201.21 ,$213.94 ,$518.07 ,$447.94 ,$241.05 ,$297.21 ,"$33,155.03 ","$16,577.51 ","$8,288.76 "
11/15/23 0:00,"$5,737.25 ","$3,259.60 ","$4,538.37 ","$2,037.03 ","$3,519.61 ","$1,407.83 ","$1,515.16 ","$2,937.41 ","$1,813.93 ","$1,424.63 ","$1,606.35 ","$1,842.69 ",$270.99 ,$259.67 ,$151.25 ,$382.44 ,$761.09 ,$263.85 ,$158.08 ,"$33,887.23 ","$16,943.61 ","$8,471.81 "
11/16/23 0:00,"$5,109.78 ","$3,060.08 ","$4,572.45 ","$2,073.79 ","$3,660.58 ","$1,743.63 ","$1,695.51 ","$2,887.62 ","$1,403.31 ","$1,231.61 ","$1,844.98 ","$1,614.01 ",$252.93 ,$287.09 ,$253.89 ,$425.20 ,$681.55 ,$310.93 ,$182.84 ,"$33,291.78 ","$16,645.89 ","$8,322.94 "
11/17/23 0:00,"$5,606.31 ","$3,209.86 ","$4,224.78 ","$2,578.45 ","$3,566.19 ","$1,113.38 ","$1,287.20 ","$2,874.84 ","$1,967.07 ","$1,987.46 ","$1,961.59 ","$1,977.24 ",$579.58 ,$269.84 ,$278.13 ,$367.08 ,$500.66 ,$220.69 ,$236.41 ,"$34,806.76 ","$17,403.38 ","$8,701.69 "
11/18/23 0:00,"$5,703.22 ","$3,132.31 ","$4,847.74 ","$2,397.11 ","$3,712.19 ","$1,866.92 ","$1,135.77 ","$2,455.71 ","$1,665.40 ","$1,123.62 ","$1,970.65 ","$1,141.02 ",$574.44 ,$262.43 ,$233.75 ,$536.24 ,$593.85 ,$248.50 ,$270.21 ,"$33,871.08 ","$16,935.54 ","$8,467.77 "
11/19/23 0:00,"$5,634.79 ","$3,193.24 ","$4,561.40 ","$2,632.89 ","$3,094.11 ","$1,502.43 ","$1,559.22 ","$2,789.60 ","$1,313.06 ","$1,203.49 ","$1,900.91 ","$1,856.10 ",$348.48 ,$243.18 ,$233.47 ,$351.25 ,$659.53 ,$251.37 ,$154.31 ,"$33,482.83 ","$16,741.42 ","$8,370.71 "
11/20/23 0:00,"$5,959.14 ","$3,685.47 ","$4,713.25 ","$2,266.46 ","$3,377.62 ","$1,947.57 ","$1,854.65 ","$2,360.36 ","$1,561.43 ","$1,377.41 ","$1,769.57 ","$1,734.31 ",$540.01 ,$233.62 ,$325.46 ,$525.69 ,$714.35 ,$163.66 ,$304.35 ,"$35,414.38 ","$17,707.19 ","$8,853.60 "
11/21/23 0:00,"$5,103.30 ","$3,049.50 ","$4,981.86 ","$2,909.58 ","$3,167.09 ","$1,537.32 ","$1,418.23 ","$2,860.60 ","$1,375.07 ","$1,131.12 ","$1,918.61 ","$1,387.21 ",$670.76 ,$237.03 ,$272.38 ,$383.67 ,$561.36 ,$287.50 ,$190.75 ,"$33,442.94 ","$16,721.47 ","$8,360.73 "
11/22/23 0:00,"$5,867.17 ","$3,101.85 ","$4,428.20 ","$2,760.94 ","$3,242.04 ","$1,769.23 ","$1,475.77 ","$2,906.44 ","$1,911.98 ","$1,935.32 ","$1,728.88 ","$1,017.90 ",$619.51 ,$237.50 ,$202.70 ,$390.45 ,$561.84 ,$238.78 ,$164.97 ,"$34,561.47 ","$17,280.73 ","$8,640.37 "
11/23/23 0:00,"$5,029.19 ","$3,134.17 ","$4,881.07 ","$2,067.75 ","$3,200.82 ","$1,972.11 ","$1,289.21 ","$2,538.30 ","$1,048.35 ","$1,910.38 ","$1,688.46 ","$1,735.97 ",$347.71 ,$252.99 ,$213.93 ,$394.14 ,$576.31 ,$269.83 ,$289.25 ,"$32,839.94 ","$16,419.97 ","$8,209.98 "
11/24/23 0:00,"$5,534.92 ","$3,316.54 ","$4,007.28 ","$2,783.91 ","$3,503.32 ","$1,729.35 ","$1,808.83 ","$2,476.19 ","$1,228.92 ","$1,438.19 ","$1,851.17 ","$1,098.15 ",$266.62 ,$214.33 ,$190.16 ,$378.47 ,$473.15 ,$327.39 ,$183.12 ,"$32,810.01 ","$16,405.01 ","$8,202.50 "
11/25/23 0:00,"$5,404.24 ","$3,298.75 ","$4,033.41 ","$2,969.58 ","$3,018.99 ","$1,577.27 ","$1,120.66 ","$2,532.70 ","$1,096.57 ","$1,492.40 ","$1,603.66 ","$1,808.94 ",$225.61 ,$288.19 ,$202.93 ,$378.62 ,$418.88 ,$202.45 ,$163.62 ,"$31,837.47 ","$15,918.74 ","$7,959.37 "
11/26/23 0:00,"$5,524.18 ","$3,255.06 ","$4,590.28 ","$2,942.44 ","$3,963.97 ","$1,366.71 ","$1,171.09 ","$2,238.12 ","$1,805.62 ","$1,062.09 ","$1,537.14 ","$1,798.49 ",$451.86 ,$262.59 ,$284.03 ,$524.32 ,$679.08 ,$284.74 ,$162.11 ,"$33,903.92 ","$16,951.96 ","$8,475.98 "
11/27/23 0:00,"$5,365.10 ","$3,750.54 ","$4,311.45 ","$2,735.48 ","$3,518.96 ","$1,042.53 ","$1,999.96 ","$2,091.86 ","$1,191.08 ","$1,839.37 ","$1,683.01 ","$1,215.73 ",$428.77 ,$237.44 ,$277.55 ,$433.42 ,$607.04 ,$261.52 ,$261.67 ,"$33,252.48 ","$16,626.24 ","$8,313.12 "
11/28/23 0:00,"$5,190.57 ","$3,998.02 ","$4,248.28 ","$2,123.59 ","$3,052.57 ","$1,432.55 ","$1,682.22 ","$2,386.92 ","$1,742.85 ","$1,780.49 ","$1,670.32 ","$1,965.91 ",$575.57 ,$298.22 ,$202.33 ,$422.54 ,$527.33 ,$258.21 ,$253.41 ,"$33,811.90 ","$16,905.95 ","$8,452.98 "
11/29/23 0:00,"$5,019.12 ","$3,533.98 ","$4,277.94 ","$2,576.08 ","$3,682.05 ","$1,412.48 ","$1,548.05 ","$2,784.07 ","$1,561.60 ","$1,393.29 ","$1,560.26 ","$1,792.90 ",$584.18 ,$287.25 ,$257.95 ,$399.09 ,$601.79 ,$337.30 ,$253.89 ,"$33,863.27 ","$16,931.64 ","$8,465.82 "
11/30/23 0:00,"$5,518.15 ","$3,944.20 ","$4,318.40 ","$2,284.23 ","$3,268.89 ","$1,823.06 ","$1,795.11 ","$2,681.75 ","$1,830.22 ","$1,477.09 ","$1,927.28 ","$1,604.59 ",$234.99 ,$260.68 ,$322.13 ,$530.98 ,$442.71 ,$221.82 ,$267.83 ,"$34,754.11 ","$17,377.06 ","$8,688.53 "
12/1/23 0:00,"$5,842.78 ","$3,396.61 ","$4,728.95 ","$2,970.21 ","$3,106.77 ","$1,189.25 ","$1,996.88 ","$2,840.87 ","$1,994.95 ","$1,659.36 ","$1,834.07 ","$1,734.95 ",$685.72 ,$237.17 ,$203.68 ,$467.00 ,$573.70 ,$163.67 ,$291.32 ,"$35,917.91 ","$17,958.95 ","$8,979.48 "
12/2/23 0:00,"$5,373.22 ","$3,106.68 ","$4,569.20 ","$2,717.49 ","$3,830.30 ","$1,742.64 ","$1,190.87 ","$2,451.47 ","$1,154.24 ","$1,465.58 ","$1,512.90 ","$1,468.31 ",$328.96 ,$236.91 ,$154.98 ,$419.05 ,$678.04 ,$218.46 ,$231.51 ,"$32,850.81 ","$16,425.41 ","$8,212.70 "
12/3/23 0:00,"$5,222.86 ","$3,408.77 ","$4,789.04 ","$2,610.77 ","$3,197.91 ","$1,037.56 ","$1,791.39 ","$2,124.27 ","$1,150.42 ","$1,273.19 ","$1,770.08 ","$1,092.85 ",$387.05 ,$206.67 ,$205.22 ,$389.54 ,$819.01 ,$151.23 ,$230.94 ,"$31,858.77 ","$15,929.38 ","$7,964.69 "
12/4/23 0:00,"$5,080.53 ","$3,296.13 ","$4,830.20 ","$2,695.09 ","$3,104.75 ","$1,886.37 ","$1,342.16 ","$2,522.63 ","$1,636.22 ","$1,297.49 ","$1,576.90 ","$1,636.93 ",$488.14 ,$234.25 ,$338.14 ,$532.58 ,$624.23 ,$314.52 ,$239.22 ,"$33,676.48 ","$16,838.24 ","$8,419.12 "
12/5/23 0:00,"$5,085.31 ","$3,493.41 ","$4,842.93 ","$2,437.98 ","$3,056.91 ","$1,667.94 ","$1,731.23 ","$2,039.49 ","$1,036.30 ","$1,517.31 ","$1,755.61 ","$1,416.23 ",$219.14 ,$224.57 ,$154.10 ,$390.96 ,$510.50 ,$347.79 ,$325.54 ,"$32,253.25 ","$16,126.62 ","$8,063.31 "
12/6/23 0:00,"$5,221.40 ","$3,657.04 ","$4,414.64 ","$2,372.74 ","$3,728.56 ","$1,422.44 ","$1,707.66 ","$2,430.87 ","$1,817.42 ","$1,994.53 ","$1,885.63 ","$1,978.86 ",$556.44 ,$260.86 ,$174.31 ,$363.07 ,$600.15 ,$312.56 ,$306.06 ,"$35,205.24 ","$17,602.62 ","$8,801.31 "
12/7/23 0:00,"$5,100.01 ","$3,461.05 ","$4,421.27 ","$2,935.80 ","$3,655.27 ","$1,265.51 ","$1,998.33 ","$2,201.42 ","$1,376.64 ","$1,489.93 ","$1,706.53 ","$1,063.35 ",$296.10 ,$272.02 ,$184.74 ,$476.11 ,$496.73 ,$308.76 ,$301.20 ,"$33,010.77 ","$16,505.38 ","$8,252.69 "
12/8/23 0:00,"$5,265.04 ","$3,935.16 ","$4,926.27 ","$2,331.93 ","$3,008.20 ","$1,184.40 ","$1,111.87 ","$2,844.25 ","$1,398.93 ","$1,055.80 ","$1,798.43 ","$1,160.51 ",$658.50 ,$229.24 ,$291.26 ,$405.42 ,$808.61 ,$279.05 ,$200.37 ,"$32,893.24 ","$16,446.62 ","$8,223.31 "
12/9/23 0:00,"$5,066.15 ","$3,884.76 ","$4,661.76 ","$2,041.44 ","$3,221.48 ","$1,585.65 ","$1,002.13 ","$2,128.93 ","$1,572.05 ","$1,938.70 ","$1,773.22 ","$1,900.35 ",$323.37 ,$254.61 ,$345.74 ,$385.58 ,$818.85 ,$265.10 ,$160.08 ,"$33,329.95 ","$16,664.98 ","$8,332.49 "
12/10/23 0:00,"$5,065.60 ","$3,701.98 ","$4,080.47 ","$2,400.84 ","$3,704.68 ","$1,410.24 ","$1,747.78 ","$2,474.64 ","$1,342.10 ","$1,305.97 ","$1,788.80 ","$1,486.99 ",$406.65 ,$278.71 ,$267.66 ,$471.02 ,$423.57 ,$263.56 ,$154.34 ,"$32,775.60 ","$16,387.80 ","$8,193.90 "
12/11/23 0:00,"$5,856.28 ","$3,489.68 ","$4,542.19 ","$2,790.34 ","$3,152.14 ","$1,743.02 ","$1,568.78 ","$2,385.14 ","$1,300.24 ","$1,039.83 ","$1,739.06 ","$1,193.14 ",$312.16 ,$264.19 ,$167.70 ,$441.27 ,$736.34 ,$231.06 ,$283.93 ,"$33,236.49 ","$16,618.24 ","$8,309.12 "
12/12/23 0:00,"$5,162.12 ","$3,131.69 ","$4,356.01 ","$2,648.47 ","$3,576.75 ","$1,906.77 ","$1,690.87 ","$2,845.39 ","$1,204.97 ","$1,072.29 ","$1,583.52 ","$1,312.67 ",$523.05 ,$274.37 ,$241.60 ,$381.41 ,$597.64 ,$184.66 ,$348.05 ,"$33,042.30 ","$16,521.15 ","$8,260.58 "
12/13/23 0:00,"$5,559.68 ","$3,397.01 ","$4,987.43 ","$2,962.17 ","$3,213.16 ","$1,295.65 ","$1,753.53 ","$2,561.62 ","$1,718.82 ","$1,171.13 ","$1,620.81 ","$1,076.30 ",$388.65 ,$221.81 ,$306.61 ,$464.89 ,$771.51 ,$280.57 ,$299.16 ,"$34,050.51 ","$17,025.26 ","$8,512.63 "
12/14/23 0:00,"$5,773.46 ","$3,704.40 ","$4,013.66 ","$2,106.20 ","$3,449.23 ","$1,649.90 ","$1,493.51 ","$2,474.95 ","$1,768.61 ","$1,634.16 ","$1,947.02 ","$1,633.91 ",$319.59 ,$263.50 ,$185.82 ,$483.45 ,$665.61 ,$155.04 ,$219.29 ,"$33,941.31 ","$16,970.66 ","$8,485.33 "
12/15/23 0:00,"$5,456.41 ","$3,284.89 ","$4,612.18 ","$2,911.55 ","$3,867.42 ","$1,422.72 ","$1,356.53 ","$2,596.19 ","$1,608.10 ","$1,367.99 ","$1,869.10 ","$1,920.08 ",$621.96 ,$227.38 ,$209.17 ,$488.76 ,$540.63 ,$196.35 ,$163.46 ,"$34,720.87 ","$17,360.43 ","$8,680.22 "
12/16/23 0:00,"$5,153.37 ","$3,103.99 ","$4,723.62 ","$2,368.85 ","$3,302.60 ","$1,042.74 ","$1,770.38 ","$2,232.14 ","$1,236.03 ","$1,917.30 ","$1,991.43 ","$1,570.20 ",$551.47 ,$223.08 ,$283.51 ,$400.43 ,$411.49 ,$150.85 ,$245.23 ,"$32,678.71 ","$16,339.36 ","$8,169.68 "
12/17/23 0:00,"$5,199.60 ","$3,907.90 ","$4,288.91 ","$2,474.00 ","$3,685.97 ","$1,615.43 ","$1,380.13 ","$2,521.38 ","$1,694.76 ","$1,793.27 ","$1,527.07 ","$1,641.98 ",$435.82 ,$227.09 ,$213.57 ,$453.77 ,$796.07 ,$249.83 ,$278.18 ,"$34,384.73 ","$17,192.37 ","$8,596.18 "
12/18/23 0:00,"$5,432.98 ","$3,709.05 ","$4,973.64 ","$2,428.48 ","$3,438.28 ","$1,363.70 ","$1,622.19 ","$2,350.04 ","$1,157.86 ","$1,320.84 ","$1,658.29 ","$1,292.80 ",$342.97 ,$236.65 ,$295.77 ,$417.50 ,$667.59 ,$221.29 ,$241.69 ,"$33,171.61 ","$16,585.80 ","$8,292.90 "
12/19/23 0:00,"$5,528.23 ","$3,615.28 ","$4,859.54 ","$2,116.45 ","$3,096.16 ","$1,013.73 ","$1,893.41 ","$2,108.92 ","$1,878.28 ","$1,986.12 ","$1,979.64 ","$1,708.42 ",$636.15 ,$247.09 ,$309.03 ,$535.33 ,$534.13 ,$235.42 ,$312.15 ,"$34,593.48 ","$17,296.74 ","$8,648.37 "
12/20/23 0:00,"$5,349.44 ","$3,792.50 ","$4,915.65 ","$2,247.80 ","$3,360.63 ","$1,472.28 ","$1,158.39 ","$2,791.50 ","$1,446.33 ","$1,666.50 ","$1,719.69 ","$1,915.17 ",$409.69 ,$222.93 ,$316.16 ,$446.24 ,$451.62 ,$264.67 ,$188.03 ,"$34,135.22 ","$17,067.61 ","$8,533.80 "
12/21/23 0:00,"$5,781.48 ","$3,835.65 ","$4,019.23 ","$2,742.27 ","$3,841.28 ","$1,091.67 ","$1,008.91 ","$2,360.80 ","$1,475.86 ","$1,017.44 ","$1,802.17 ","$1,046.37 ",$432.70 ,$235.00 ,$260.25 ,$464.11 ,$649.74 ,$165.21 ,$327.47 ,"$32,557.61 ","$16,278.81 ","$8,139.40 "
12/22/23 0:00,"$5,751.02 ","$3,483.46 ","$4,569.87 ","$2,023.01 ","$3,973.05 ","$1,628.17 ","$1,256.76 ","$2,278.91 ","$1,204.15 ","$1,463.09 ","$1,784.87 ","$1,217.28 ",$296.00 ,$289.65 ,$225.76 ,$456.28 ,$715.56 ,$202.56 ,$286.61 ,"$33,106.06 ","$16,553.03 ","$8,276.52 "
12/23/23 0:00,"$5,927.21 ","$3,881.19 ","$4,294.65 ","$2,133.89 ","$3,845.08 ","$1,526.50 ","$1,797.47 ","$2,000.57 ","$1,615.51 ","$1,910.32 ","$1,570.34 ","$1,936.63 ",$616.96 ,$213.46 ,$273.69 ,$549.60 ,$679.49 ,$196.00 ,$345.35 ,"$35,313.91 ","$17,656.95 ","$8,828.48 "
12/24/23 0:00,"$5,028.95 ","$3,916.42 ","$4,849.03 ","$2,025.21 ","$3,162.23 ","$1,500.35 ","$1,566.83 ","$2,038.00 ","$1,985.05 ","$1,295.96 ","$1,865.55 ","$1,804.97 ",$474.95 ,$221.57 ,$187.25 ,$529.19 ,$407.44 ,$327.27 ,$211.17 ,"$33,397.39 ","$16,698.69 ","$8,349.35 "
12/25/23 0:00,"$5,895.69 ","$3,271.55 ","$4,632.85 ","$2,857.39 ","$3,345.51 ","$1,936.88 ","$1,946.16 ","$2,251.84 ","$1,589.10 ","$1,926.87 ","$1,529.16 ","$1,070.26 ",$528.45 ,$206.07 ,$190.91 ,$547.48 ,$800.65 ,$298.25 ,$306.62 ,"$35,131.69 ","$17,565.84 ","$8,782.92 "
12/26/23 0:00,"$5,392.57 ","$3,607.55 ","$4,538.88 ","$2,617.32 ","$3,831.19 ","$1,880.43 ","$1,547.87 ","$2,329.53 ","$1,652.35 ","$1,615.36 ","$1,768.98 ","$1,232.93 ",$409.41 ,$270.89 ,$313.74 ,$398.08 ,$595.81 ,$187.18 ,$216.18 ,"$34,406.25 ","$17,203.12 ","$8,601.56 "
12/27/23 0:00,"$5,878.37 ","$3,526.58 ","$4,114.59 ","$2,169.93 ","$3,553.90 ","$1,713.93 ","$1,265.78 ","$2,699.13 ","$1,288.49 ","$1,583.04 ","$1,776.32 ","$1,365.19 ",$209.69 ,$252.94 ,$313.46 ,$446.47 ,$432.49 ,$317.67 ,$254.59 ,"$33,162.56 ","$16,581.28 ","$8,290.64 "
12/28/23 0:00,"$5,690.78 ","$3,537.95 ","$4,540.22 ","$2,768.77 ","$3,776.19 ","$1,577.54 ","$1,765.89 ","$2,368.46 ","$1,325.85 ","$1,365.83 ","$1,600.92 ","$1,319.29 ",$350.26 ,$247.43 ,$231.37 ,$440.56 ,$720.05 ,$248.55 ,$207.44 ,"$34,083.35 ","$17,041.68 ","$8,520.84 "
12/29/23 0:00,"$5,987.35 ","$3,937.66 ","$4,631.90 ","$2,966.80 ","$3,777.78 ","$1,252.37 ","$1,657.55 ","$2,796.52 ","$1,196.36 ","$1,956.92 ","$1,875.21 ","$1,051.27 ",$210.34 ,$203.44 ,$243.48 ,$490.30 ,$612.56 ,$312.49 ,$170.66 ,"$35,330.96 ","$17,665.48 ","$8,832.74 "
12/30/23 0:00,"$5,759.28 ","$3,305.19 ","$4,955.91 ","$2,934.56 ","$3,071.09 ","$1,008.16 ","$1,820.68 ","$2,587.17 ","$1,514.60 ","$1,430.62 ","$1,948.09 ","$1,170.72 ",$214.96 ,$296.13 ,$235.95 ,$494.52 ,$573.43 ,$296.32 ,$174.58 ,"$33,791.96 ","$16,895.98 ","$8,447.99 "
12/31/23 0:00,"$5,364.54 ","$3,983.43 ","$4,585.05 ","$2,921.55 ","$3,342.41 ","$1,119.63 ","$1,668.00 ","$2,350.57 ","$1,147.97 ","$1,634.39 ","$1,989.53 ","$1,282.37 ",$692.56 ,$284.41 ,$240.48 ,$433.67 ,$648.41 ,$222.33 ,$223.24 ,"$34,134.54 ","$17,067.27 ","$8,533.64 "
1/1/24 0:00,"$5,501.06 ","$3,902.13 ","$4,967.40 ","$2,007.81 ","$3,479.02 ","$1,320.29 ","$1,451.95 ","$2,157.40 ","$1,618.48 ","$1,637.09 ","$1,513.41 ","$1,153.13 ",$247.37 ,$282.04 ,$195.56 ,$455.34 ,$547.04 ,$270.35 ,$153.00 ,"$32,859.87 ","$16,429.94 ","$8,214.97 "